2408 3840
139 157 203 221 144
442 155 646 211 TORMENTA
664 154 841 210 PAVPaals

136 323 284 399 flammas,
312 327 346 383 tu
368 343 429 383 non
455 325 545 384 habes
572 325 605 383 in
627 344 693 383 meo
716 325 816 384 dolore
843 322 1034 400 patientiam.
1078 340 1148 400 rogo

137 414 209 490 quid
232 415 315 472 aliud
338 414 449 473 faceret
472 414 524 490 qui
547 412 723 473 occidisset?

204 502 282 572 Quid
313 521 391 561 nuno
423 521 510 580 agam
541 501 651 562 miser?
696 503 825 581 gratiam
856 501 1050 560 confessionis
1082 504 1148 561 ante

136 595 285 651 tormenta
313 594 490 666 consumpsi.
537 591 597 650 scio
631 595 743 667 quanto
776 590 951 650 credibilius·
973 591 1093 664 fuisset,
1124 590 1149 650 si

136 681 192 740 hoc
211 683 314 740 statim
336 683 415 739 inter
432 681 525 757 ignes,
548 682 627 738 inter
649 681 769 758 flagella
787 680 935 739 dixissem.
972 682 1003 738 et
1020 680 1147 739 multum
1169 698 1178 738 1

137 770 173 829 de
196 771 374 830 auctoritate
402 770 515 845 primae
542 771 784 845 proclamationis
813 767 907 827 amisi.
953 786 1015 827 11111
1038 771 1084 828 est
1104 771 1146 826 ta·

136 878 204 918 men
231 860 310 936 quod
337 877 520 934 supervacua
546 860 657 934 putetis
686 877 749 918 esse
775 860 938 933 tormenta,
967 876 1147 935 quamquam

84 949 121 1004 12
137 949 261 1007 dixerim
284 948 426 1024 quioquid
449 947 584 1006 sciebam.
621 947 715 1006 habeo
740 947 836 1006 adhuc
859 966 894 1006 ex
916 947 970 1005 illo
987 948 1087 1006 multa
1104 966 1147 1005 re-

136 1038 211 1097 ferre
235 1042 345 1096 secreto
371 1056 447 1112 quae
471 1039 647 1114 argumenta
669 1038 760 1095 faciet
780 1036 871 1095 dolor.
908 1055 969 1095 non
985 1036 1087 1111 refert,
1109 1055 1146 1094 an

104 1123 107 1167 ἶ
135 1147 182 1186 me
201 1126 309 1185 vidisse
328 1126 460 1200 dixerim,
482 1127 638 1184 tormentis
656 1125 712 1184 hoc
729 1125 910 1202 probaturus
928 1142 995 1183 sum
1014 1124 1146 1185 debuisse
1158 1143 1179 1185 u

85 1280 88 1285 ,
136 1217 210 1274 mihi
232 1215 311 1274 credi
334 1219 403 1274 ante
425 1217 583 1274 tormenta.

204 1302 228 1362 Ο
253 1307 435 1380 quantopere
457 1323 544 1378 nunc,
566 1302 694 1379 inimice,
717 1302 872 1381 torqueris,
896 1303 976 1379 qnod
995 1304 1027 1361 te
1051 1320 1147 1362 coram

135 1393 283 1453 iudicibus
306 1396 465 1470 interrogo,
492 1393 572 1469 quod
593 1393 649 1452 hoc
671 1412 732 1451 non
754 1395 838 1468 potes
861 1391 935 1450 mibi
958 1392 1057 1451 fateri
1098 1391 1147 1451 sed

136 1484 162 1540 si
184 1482 257 1540 bene
283 1482 386 1559 gaudii
412 1482 458 1540 tui
485 1483 631 1558 perspicio
660 1484 819 1556 secretum,
846 1499 906 1539 non
928 1483 1019 1557 putas
1046 1484 1077 1540 te
1098 1500 1147 1540 ne

136 1589 219 1647 gare,
243 1572 314 1646 quia
336 1571 406 1630 vidi.
452 1571 699 1648 adrogantissimo
721 1587 938 1646 percussorum,
966 1572 1096 1630 evasisse
1117 1572 1180 1629 ten

135 1661 276 1734 putabas,
304 1659 383 1734 quod
408 1659 485 1718 illud
508 1660 566 1718 duo
589 1662 708 1718 tantum
730 1655 914 1736 sciebamus?
960 1661 1048 1734 meis,
1075 1661 1146 1718 meis

135 1748 191 1807 hoc
217 1748 336 1826 ignibus
364 1768 440 1825 nega
468 1751 510 1823 et,
539 1748 609 1807 dum
635 1768 683 1807 me
705 1768 759 1823 per
786 1748 918 1825 singulos
942 1749 1026 1808 artus
1053 1750 1148 1807 tortor

135 1839 309 1915 interrogat,
327 1839 425 1913 perfer
443 1838 550 1897 saltem
568 1857 627 1896 non
646 1837 783 1896 credendi
800 1838 988 1911 patientiam,
1007 1855 1076 1896 eum
1093 1856 1146 1914 ego

135 1945 182 1985 me
200 1927 309 1986 vidisse
331 1928 520 2003 proclamem,
543 1929 577 1984 tu
596 1927 710 1985 nullam
733 1925 849 1985 adferas
867 1921 1057 1986 innocentiae
1079 1945 1145 2002 pro

135 2015 293 2074 1111111111.
339 2035 397 2074 non
427 2018 512 2092 potes
542 2016 630 2074 aliter
660 2015 775 2075 absolvi
802 2034 893 2091 quam
921 2017 959 2073 ut
984 2014 1064 2075 illud
1093 2033 1180 2093 egos·

135 2124 247 2180 negem.
284 2124 337 2165 nee
360 2108 469 2179 tamen,
492 2105 612 2180 iudices,
638 2107 750 2180 putetis
773 2105 905 2164 solome
928 2104 1146 2164 calamitatium

135 2194 250 2252 ambitu
276 2197 375 2270 petere
399 2196 616 2268 quaestionem,
643 2193 732 2268 dabo,
759 2192 984 2269 propterquod
1010 2213 1062 2253 me
1087 2197 1146 2253 tor·

136 2285 251 2358 queatis
269 2285 348 2343 irati.
386 2283 480 2341 filium
498 2303 606 2358 meum,
628 2283 716 2341 illum
739 2282 864 2360 singulis
882 2280 967 2341 vobis
986 2285 1145 2343 universis·

136 2391 192 2446 que
214 2372 409 2446 laudandum,
437 2375 522 2430 iuxta
546 2391 633 2447 quem
660 2371 745 2446 felix,
772 2373 857 2430 iuxta
885 2388 973 2446 quem
999 2372 1145 2451 adrogans

135 2480 229 2535 eram,
252 2461 361 2520 occidit
382 2481 449 2520 mea
471 2463 565 2519 nimia
587 2461 717 2520 libertas.
763 2463 808 2519 ita
831 2477 885 2537 ego
908 2461 939 2518 te
962 2479 1024 2519 11111
1048 2462 1179 2521 eculeos

134 2549 267 2624 efferam,
294 2569 354 2608 non
381 2570 469 2626 super
496 2550 626 2609 ardentis
656 2568 761 2609 exuam
790 2546 944 2608 flammas?
990 2569 1073 2610 nunc
1101 2569 1145 2609 me

133 2638 276 2713 vindicas,
294 2658 372 2698 nunc
390 2641 491 2700 tueris.
528 2640 624 2712 modo,
644 2638 731 2697 modo
751 2656 850 2698 coram
866 2658 915 2698 me
932 2637 1030 2697 filium
1048 2659 1146 2699 meum

134 2728 216 2787 dives
239 2727 348 2786 oceidit
374 2727 482 2787 fiducia
504 2731 558 2786 tui.
604 2729 769 2786 concurrite
792 2746 892 2786 omnes
916 2726 1017 2802 liberi,
1046 2746 1146 2789 omnes

133 2821 284 2892 parentes,
312 2819 402 2890 urite,
433 2818 562 2875 lacerate
589 2818 643 2876 hos
670 2817 723 2876 hos
751 2818 881 2892 primum
910 2818 1007 2892 patr-is
1037 2819 1145 2890 oculos,

205 3046 220 3093 5
240 3041 418 3107 honorant,
437 3058 558 3109 sapum
629 3040 703 3109 ignis
721 3049 749 3092 Β
819 3045 833 3093 ἵ
853 3055 1038 3108 quamquam:
1059 3041 1144 3110 quod·

134 3113 209 3178 quod
228 3120 255 3163 Ρ
342 3117 357 3164 9
378 3128 415 3164 an
432 3129 467 3165 ex
485 3128 542 3178 am,
561 3128 663 3166 raswra
680 3121 709 3164 Β
797 3115 830 3163 10
854 3109 999 3165 debuisset
1016 3111 1075 3167 Bu.

136 3188 168 3236 12
192 3185 297 3251 quanto
316 3199 399 3253 opere
417 3192 446 3235 Β
534 3189 568 3236 14
590 3182 661 3236 mihi
678 3199 734 3236 non
752 3184 835 3252 putas
853 3182 932 3237 Dese.
1023 3184 1149 3251 puteat

136 3260 167 3307 15
179 3271 377 3323 *percussorem
398 3264 419 3306 V
488 3260 522 3308 18
539 3257 634 3320 tam-Q
653 3253 754 3307 saltem
771 3263 792 3305 V
861 3258 893 3306 19
912 3251 1108 3322 ignoscentiae
1121 3262 1147 3308 1·

134 3331 168 3378 20
187 3342 284 3394 quam:
304 3326 379 3395 quod
397 3335 424 3378 Ρ
485 3331 518 3378 21
538 3325 733 3379 calamitatum
750 3334 789 3377 Vn
849 3329 882 3378 22
902 3323 1012 3378 ambita
1030 3340 1145 3407 11111111

132 3399 228 3466 petere
251 3406 272 3448 V
357 3404 391 3451 25
415 3396 700 3451 occidit—libertas:
725 3395 816 3450 occidi
837 3394 957 3448 nimium
974 3411 1041 3451 mea
1061 3396 1145 3452 liber·

133 3469 177 3520 tas
196 3478 223 3521 Β
293 3475 327 3522 26
351 3470 481 3523 ardentes
500 3477 566 3533 1111
644 3473 677 3522 27
699 3467 826 3521 vindicas
847 3483 863 3520 o
881 3464 1000 3522 libertas
1021 3484 1099 3523 nnnc
1115 3476 1147 3522 Ι

134 3544 167 3592 28
186 3541 237 3592 tua
259 3549 281 3591 V
348 3540 486 3595 cucurrite
504 3549 532 3594 P
600 3539 683 3593 liberi
701 3554 796 3593 omnes
814 3555 864 3593 om.
880 3548 907 3591 Β
