2408 3840
139 144 181 208 14
318 205 320 210 ,
472 143 601 199 Paulas
620 143 814 201 Pnuuauvs

138 331 225 372 verca
247 312 337 386 istud,
360 332 486 372 noverca
508 315 617 373 securis
637 315 792 388 conposuit
811 313 913 389 oculis,
935 313 991 372 illa
1007 313 1149 375 miserum

132 401 242 461 dextra
260 403 434 478 sanguinem
455 402 529 461 tulit
550 405 580 461 et
601 421 723 462 manum
741 402 864 482 subinde
882 402 1046 463 renovavit.
1083 403 1148 479 pal·

138 493 235 549 matus
259 492 304 549 est
326 492 433 567 paries,
455 491 546 551 habet
568 491 751 567 distantiam,
774 494 863 551 vacat
881 491 997 567 aliquid
1013 491 1081 565 loci,
1104 493 1149 551 in·

64 606 67 613 ·
137 583 255 657 tegrum
286 578 395 655 ubique
426 581 588 657 uestigium
621 583 680 640 est:
717 599 820 639 caecus
855 599 962 641 manus
998 582 1148 640 traxisset.

137 687 247 744 quaero
268 688 353 744 nunc,
376 668 454 727 unde
473 672 592 728 tantum
610 669 763 746 sanguinis
781 671 813 727 in
830 667 943 728 manu?
977 672 1049 738 tunc
1069 671 1148 729 enim
1171 690 1185 735 s

137 776 172 816 ex
200 759 280 817 omni
306 759 428 819 vulnere
457 776 543 818 cruor
568 758 691 834 profluit
718 761 748 818 et
776 758 948 834 effunditur,
982 776 1048 817 cum
1075 759 1149 819 ferri

135 850 283 906 recentem
304 848 384 906 viam
412 847 553 922 sequitur.
600 850 632 906 at
655 848 791 922 quotiens
819 846 920 906 eodem
946 866 1005 923 quo
1033 847 1147 908 factum

137 938 190 1010 est,
213 936 344 995 cluditur
360 936 431 1012 telo,
448 936 524 995 latet
542 939 608 995 tota
625 938 731 996 mortis
747 936 869 996 invidia.
906 940 1062 1012 praeterea
1080 955 1147 996 cum

135 1044 240 1085 manus
262 1044 297 1083 ex
320 1027 406 1101 parte
425 1044 484 1101 qua
506 1025 639 1100 palmare
657 1025 817 1102 vestigium
839 1026 947 1100 potest,
969 1025 1098 1100 plicetur
1114 1027 1146 1085 in

136 1114 242 1190 capulo
266 1117 353 1191 etse,
376 1114 448 1172 dum
465 1114 560 1173 telum
577 1116 711 1190 occupat,
734 1112 863 1189 claudat,
887 1133 1004 1174 necesse
1024 1116 1078 1189 est,
1098 1133 1145 1173 ex·
1159 1137 1184 1177 ro

135 1204 244 1261 teriore
272 1205 306 1260 ut
332 1206 417 1278 parte
445 1221 579 1279 respersa
607 1204 654 1262 sit.
699 1206 769 1263 tuus
792 1205 893 1262 autem
915 1204 968 1278 qui
993 1203 1146 1279 palmatus

136 1294 189 1366 est,
211 1291 309 1370 paries
332 1292 493 1368 vestigium
515 1294 577 1352 eius
600 1292 695 1368 partis
719 1290 861 1368 ostendit,
885 1291 1038 1368 adquam
1060 1311 1147 1352 cruor

135 1379 289 1456 pervenire
311 1399 372 1439 non
393 1381 500 1456 potuit.
537 1384 670 1441 vestrum
693 1384 747 1456 est,
769 1399 848 1441 nunc
870 1381 970 1439 omnia
993 1381 1054 1441 ista
1077 1401 1146 1442 con-

134 1487 252 1545 parare,
280 1470 470 1545 perpendere.
515 1488 567 1529 cur
593 1469 770 1546 prudentior
796 1469 837 1529 sit
865 1469 953 1529 iudex
980 1470 1011 1527 in
1041 1470 1144 1546 depre-

133 1559 286 1618 hendendo
310 1560 417 1618 scelere
449 1578 538 1634 quam
564 1578 632 1618 reus
659 1561 691 1619 in
719 1559 917 1635 admittendo,
943 1559 999 1620 hoc
1022 1577 1085 1620 esse
1112 1561 1144 1618 in
1157 1580 1182 1629 rs

134 1665 224 1707 causa
250 1650 323 1723 puto
343 1647 423 1724 quod
451 1649 527 1707 alter
553 1650 672 1709 tantum
697 1666 752 1724 pro
775 1667 805 1708 se
834 1650 960 1726 cogitat,
988 1648 1065 1708 alter
1088 1667 1144 1725 pro

134 1740 219 1811 parte
242 1739 378 1812 utraque.

82 1821 119 1877 13
200 1825 306 1884 Tuitus
334 1844 401 1885 sum
429 1826 625 1885 adulescentis
652 1825 810 1885 miserrimi
837 1844 970 1901 causam,
997 1844 1076 1885 nunc
1098 1827 1144 1887 in-

135 1914 245 1989 spicere
273 1915 355 1990 volo,
388 1916 499 1991 quanto
532 1915 705 1976 certioribus
733 1915 917 1993 argumentis
945 1933 1073 1974 noverea
1099 1918 1144 1974 te·

133 2007 247 2063 nentur.
293 2006 412 2063 transeo
443 2004 532 2062 illum
560 2005 715 2081 vulgarem
745 2006 776 2062 et
805 2003 939 2064 omnibus
970 2006 1077 2063 notum
1106 2003 1183 2067 desc

134 2094 345 2168 conparatione
368 2112 560 2169 personarum
582 2094 688 2153 locum.
725 2093 801 2152 alius
824 2093 936 2152 diceret
952 2092 1094 2151 maritum
1112 2096 1143 2153 et

133 2201 262 2257 uxorem,
288 2181 347 2243 nisi
368 2182 469 2241 liberis
492 2182 691 2258 initiarentur,
713 2201 771 2241 non
795 2181 963 2240 fortissimis
987 2200 1143 2257 corporum

132 2271 258 2330 vinculis
286 2271 447 2330 inhaerere.
493 2291 547 2348 ego
570 2272 646 2330 illud
673 2271 773 2347 potius
801 2270 910 2330 dicam:
938 2270 1061 2345 decepta
1088 2273 1142 2345 est,

132 2361 247 2435 mulier,
270 2361 449 2436 exspectatio
471 2363 533 2420 tua.
570 2378 692 2442 veneras
716 2359 803 2434 quasi
825 2361 857 2418 in
875 2376 1000 2419 vacuam
1022 2358 1142 2418 domum

132 2452 163 2508 et
185 2451 248 2508 sine
275 2449 388 2509 herede.
435 2452 671 2525 exspectaveras,
698 2452 733 2507 ut
759 2448 863 2506 infelix
885 2449 942 2507 iste
964 2448 1080 2506 iuvenis
1104 2447 1142 2508 ab
1155 2469 1181 2510 ss

131 2538 204 2613 ipsis
236 2539 372 2614 protinus
404 2540 577 2614 nuptiarum
607 2541 730 2596 tuarum
766 2537 961 2614 expelleretur
992 2536 1142 2612 auspiciis,

132 2629 278 2687 extorrem
306 2629 336 2685 et
362 2628 481 2703 inopem
509 2629 705 2686 summoveret
731 2629 817 2702 pater
843 2625 953 2685 blando
985 2629 1141 2701 corruptus

203 2767 219 2813 3
239 2758 404 2814 distantiam
427 2777 461 2814 en
484 2760 646 2814 distentiam
665 2769 692 2813 Β
763 2765 778 2813 6
803 2776 865 2813 cum
888 2776 937 2814 cca.
953 2767 995 2826 M,
1019 2774 1095 2827 supr.
1109 2780 1141 2812 a·

133 2837 148 2885 '1
172 2832 270 2885 eodem
292 2831 348 2901 telo
372 2847 427 2899 quo
446 2840 479 2884 Β
555 2836 570 2884 9
594 2847 639 2885 ex:
666 2847 700 2885 ea
723 2831 772 2887 Gr.
853 2834 886 2883 10
909 2829 997 2884 telum
1020 2832 1142 2899 occupat

131 2915 176 2966 ys:
201 2903 346 2972 telocupat
368 2912 405 2969 Β;
434 2903 491 2957 telo
515 2905 635 2971 occupat
656 2913 719 2969 Veo3
746 2901 835 2957 telum
860 2918 910 2956 om.
926 2910 966 2967 Βς
995 2901 1045 2955 dcl.
1060 2901 1138 2957 Dese.

130 2992 158 3042 p.
169 2978 206 3028 83
279 2981 310 3029 11
330 2977 373 3028 ut:
399 2988 465 3039 exe
537 2977 618 3043 parte
640 2990 767 3042 respersa
785 2973 834 3026 eit:
858 2972 977 3041 parteris
998 2973 1141 3041 persuasit

132 3055 160 3099 Β
217 3048 323 3101 autem:
343 3051 385 3101 ari·
395 3056 422 3100 Β
493 3052 526 3100 14
545 3047 575 3098 in
594 3044 838 3114 deprehendendo:
858 3059 893 3097 ex
911 3043 977 3097 inde
995 3044 1138 3111 prehendo

132 3126 170 3185 Β;
195 3118 293 3171 exinde
316 3119 452 3188 prehenso
475 3127 496 3169 V
570 3122 602 3170 15
625 3118 655 3170 in
678 3115 865 3169 admittendo:
885 3115 921 3168 >id
942 3114 1081 3169 mittendo
1100 3124 1140 3182 Β;

132 3189 306 3243 admittendo
327 3199 394 3253 βνΒ
464 3194 497 3242 16
520 3204 571 3257 pro
594 3190 704 3242 tantum
723 3196 756 3239 Β
824 3186 932 3256 cogitat
955 3185 1039 3240 alter:
1064 3187 1141 3257 cogi-

131 3261 193 3312 tata
215 3259 269 3311 iter
287 3268 325 3325 Β;
350 3258 457 3328 cogitat
480 3261 534 3312 iter
556 3269 577 3310 v
645 3258 728 3312 alter:
754 3257 843 3328 algter
866 3258 951 3327 (ier.)
975 3267 1007 3311 Β
1027 3258 1069 3312 bis

132 3335 164 3383 18
184 3328 364 3384 adoliscentis
382 3339 411 3382 Β
473 3335 505 3383 19
526 3330 701 3384 certioribus:
720 3328 886 3383 tercioribus
905 3338 933 3382 Β
954 3396 961 3403 .
990 3334 1023 3382 23
1042 3328 1140 3383 inhae-

126 3454 369 3578 {gretvincnliecl
412 3439 560 3524 deceptu
612 3455 957 3520 arcuationem„
1010 3458 1045 3508 25
1064 3400 1104 3506 adl)
1112 3463 1141 3506 Β

182 3541 197 3578 e
228 3543 277 3580 ona
293 3536 323 3578 Β
