<?xml version="1.0" encoding="UTF-8"?>
<!DOCTYPE html PUBLIC "-//W3C//DTD XHTML 1.0 Transitional//EN"
    "http://www.w3.org/TR/xhtml1/DTD/xhtml1-transitional.dtd">
<html xmlns="http://www.w3.org/1999/xhtml" xml:lang="en" lang="en">
 <head>
  <title>
</title>
<meta http-equiv="Content-Type" content="text/html;charset=utf-8" />
  <meta name='ocr-system' content='tesseract 3.04.00' />
  <meta name='ocr-capabilities' content='ocr_page ocr_carea ocr_par ocr_line ocrx_word'/>
</head>
<body>
  <div class='ocr_page' id='page_1' title='image "./qvintilianiqvae01quingoog_0312.png"; bbox 0 0 2408 3840; ppageno 0'>
   <div class='ocr_carea' id='block_1_1' title="bbox 307 155 1079 221">
    <p class='ocr_par' dir='ltr' id='par_1_1' title="bbox 307 155 1079 221">
     <span class='ocr_line' id='line_1_1' title="bbox 307 155 1079 221; baseline 0.014 -11"><span class='ocrx_word' id='word_1_1' title='bbox 307 155 542 212; x_wconf 79' lang='lat' dir='ltr'><strong>DECLAMATIO</strong></span> <span class='ocrx_word' id='word_1_2' title='bbox 561 156 625 211; x_wconf 87' lang='lat' dir='ltr'>XIV</span> <span class='ocrx_word' id='word_1_3' title='bbox 640 163 673 211; x_wconf 76' lang='lat'>12</span> <span class='ocrx_word' id='word_1_4' title='bbox 692 157 743 212; x_wconf 83' lang='lat' dir='ltr'>XV</span> <span class='ocrx_word' id='word_1_5' title='bbox 758 163 834 212; x_wconf 76' lang='lat'>1-2.</span> <span class='ocrx_word' id='word_1_6' title='bbox 1014 157 1079 221; x_wconf 80' lang='grc'>277</span> 
     </span>
    </p>
   </div>
   <div class='ocr_carea' id='block_1_2' title="bbox 10 326 1119 2627">
    <p class='ocr_par' dir='ltr' id='par_1_2' title="bbox 10 326 1119 2627">
     <span class='ocr_line' id='line_1_2' title="bbox 57 326 1081 404; baseline 0.001 -19"><span class='ocrx_word' id='word_1_7' title='bbox 57 326 138 385; x_wconf 86' lang='lat' dir='ltr'>-dum</span> <span class='ocrx_word' id='word_1_8' title='bbox 160 327 326 403; x_wconf 89' lang='lat' dir='ltr'>praesentis</span> <span class='ocrx_word' id='word_1_9' title='bbox 353 329 453 386; x_wconf 87' lang='lat' dir='ltr'>reatus</span> <span class='ocrx_word' id='word_1_10' title='bbox 480 326 694 404; x_wconf 87' lang='lat' dir='ltr'>indignumque</span> <span class='ocrx_word' id='word_1_11' title='bbox 716 326 888 400; x_wconf 83' lang='lat' dir='ltr'>discrimen,</span> <span class='ocrx_word' id='word_1_12' title='bbox 915 329 949 385; x_wconf 88' lang='lat' dir='ltr'>ut</span> <span class='ocrx_word' id='word_1_13' title='bbox 973 328 1081 386; x_wconf 87' lang='lat' dir='ltr'>misera</span> 
     </span>
     <span class='ocr_line' id='line_1_3' title="bbox 61 415 1081 494; baseline 0.001 -20"><span class='ocrx_word' id='word_1_14' title='bbox 61 415 169 493; x_wconf 86' lang='lat' dir='ltr'>puella</span> <span class='ocrx_word' id='word_1_15' title='bbox 196 434 256 474; x_wconf 89' lang='lat' dir='ltr'>non</span> <span class='ocrx_word' id='word_1_16' title='bbox 287 415 454 494; x_wconf 88' lang='lat' dir='ltr'>gratuletur</span> <span class='ocrx_word' id='word_1_17' title='bbox 485 415 542 475; x_wconf 83' lang='lat' dir='ltr'>sibi</span> <span class='ocrx_word' id='word_1_18' title='bbox 570 415 651 491; x_wconf 82' lang='lat' dir='ltr'>quod</span> <span class='ocrx_word' id='word_1_19' title='bbox 681 415 766 473; x_wconf 89' lang='lat' dir='ltr'>illam</span> <span class='ocrx_word' id='word_1_20' title='bbox 797 434 911 491; x_wconf 83' lang='lat' dir='ltr'>pauper</span> <span class='ocrx_word' id='word_1_21' title='bbox 943 433 1081 475; x_wconf 89' lang='lat' dir='ltr'>accusare</span> 
     </span>
     <span class='ocr_line' id='line_1_4' title="bbox 62 504 1082 582; baseline -0.001 -18"><span class='ocrx_word' id='word_1_22' title='bbox 62 507 128 564; x_wconf 89' lang='lat' dir='ltr'>iam</span> <span class='ocrx_word' id='word_1_23' title='bbox 146 506 253 582; x_wconf 89' lang='lat' dir='ltr'>potest.</span> <span class='ocrx_word' id='word_1_24' title='bbox 289 505 432 563; x_wconf 74' lang='lat' dir='ltr'><strong>timuerat</strong></span> <span class='ocrx_word' id='word_1_25' title='bbox 444 504 557 580; x_wconf 83' lang='lat' dir='ltr'><strong>infelix,</strong></span> <span class='ocrx_word' id='word_1_26' title='bbox 575 523 612 563; x_wconf 92' lang='lat' dir='ltr'>ne</span> <span class='ocrx_word' id='word_1_27' title='bbox 629 504 760 563; x_wconf 88' lang='lat' dir='ltr'>remedio</span> <span class='ocrx_word' id='word_1_28' title='bbox 778 523 831 564; x_wconf 93' lang='lat' dir='ltr'>suo</span> <span class='ocrx_word' id='word_1_29' title='bbox 846 505 888 563; x_wconf 91' lang='lat' dir='ltr'>sic</span> <span class='ocrx_word' id='word_1_30' title='bbox 901 508 1082 582; x_wconf 75' lang='lat' dir='ltr'>repugnaret</span> 
     </span>
     <span class='ocr_line' id='line_1_5' title="bbox 63 593 1082 671; baseline 0.001 -19"><span class='ocrx_word' id='word_1_31' title='bbox 63 612 191 670; x_wconf 86' lang='lat' dir='ltr'>pauper,</span> <span class='ocrx_word' id='word_1_32' title='bbox 213 596 250 652; x_wconf 90' lang='lat' dir='ltr'>ut</span> <span class='ocrx_word' id='word_1_33' title='bbox 266 593 362 671; x_wconf 87' lang='lat' dir='ltr'>magis</span> <span class='ocrx_word' id='word_1_34' title='bbox 380 596 502 669; x_wconf 83' lang='lat' dir='ltr'>amaret,</span> <span class='ocrx_word' id='word_1_35' title='bbox 521 611 557 651; x_wconf 92' lang='lat' dir='ltr'>ne</span> <span class='ocrx_word' id='word_1_36' title='bbox 576 593 692 652; x_wconf 86' lang='lat' dir='ltr'>iuvenis</span> <span class='ocrx_word' id='word_1_37' title='bbox 710 593 742 650; x_wconf 90' lang='lat' dir='ltr'>in</span> <span class='ocrx_word' id='word_1_38' title='bbox 761 593 840 652; x_wconf 90' lang='lat' dir='ltr'>omni</span> <span class='ocrx_word' id='word_1_39' title='bbox 864 612 970 671; x_wconf 83' lang='lat' dir='ltr'>genere</span> <span class='ocrx_word' id='word_1_40' title='bbox 989 594 1082 653; x_wconf 88' lang='lat' dir='ltr'>animi</span> 
     </span>
     <span class='ocr_line' id='line_1_6' title="bbox 40 681 1081 758; baseline -0.002 -14"><span class='ocrx_word' id='word_1_41' title='bbox 40 681 270 744; x_wconf 81' lang='lat' dir='ltr'>econtentiosus</span> <span class='ocrx_word' id='word_1_42' title='bbox 299 701 333 742; x_wconf 85' lang='lat' dir='ltr'>ac</span> <span class='ocrx_word' id='word_1_43' title='bbox 364 684 502 758; x_wconf 81' lang='lat' dir='ltr'>pertinax</span> <span class='ocrx_word' id='word_1_44' title='bbox 533 682 685 758; x_wconf 89' lang='lat' dir='ltr'>potionem</span> <span class='ocrx_word' id='word_1_45' title='bbox 716 681 801 741; x_wconf 90' lang='lat' dir='ltr'>illam</span> <span class='ocrx_word' id='word_1_46' title='bbox 832 681 933 741; x_wconf 83' lang='lat' dir='ltr'>dolore</span> <span class='ocrx_word' id='word_1_47' title='bbox 962 686 1081 742; x_wconf 90' lang='lat' dir='ltr'>coactae</span> 
     </span>
     <span class='ocr_line' id='line_1_7' title="bbox 65 771 1083 855; baseline -0.002 -23"><span class='ocrx_word' id='word_1_48' title='bbox 65 771 209 832; x_wconf 80' lang='lat' dir='ltr'>sanitatis</span> <span class='ocrx_word' id='word_1_49' title='bbox 232 771 398 848; x_wconf 82' lang='lat' dir='ltr'>expelleret.</span> <span class='ocrx_word' id='word_1_50' title='bbox 434 771 518 847; x_wconf 92' lang='lat' dir='ltr'>bene,</span> <span class='ocrx_word' id='word_1_51' title='bbox 541 771 621 846; x_wconf 87' lang='lat' dir='ltr'>quod</span> <span class='ocrx_word' id='word_1_52' title='bbox 643 773 673 830; x_wconf 93' lang='lat' dir='ltr'>et</span> <span class='ocrx_word' id='word_1_53' title='bbox 695 771 838 831; x_wconf 90' lang='lat' dir='ltr'>terribilis</span> <span class='ocrx_word' id='word_1_54' title='bbox 862 773 892 830; x_wconf 92' lang='lat' dir='ltr'>et</span> <span class='ocrx_word' id='word_1_55' title='bbox 913 772 1083 855; x_wconf 23' lang='lat' dir='ltr'>minaxlest</span> 
     </span>
     <span class='ocr_line' id='line_1_8' title="bbox 62 859 1082 938; baseline -0.002 -18"><span class='ocrx_word' id='word_1_56' title='bbox 62 879 191 938; x_wconf 85' lang='lat' dir='ltr'>pauper,</span> <span class='ocrx_word' id='word_1_57' title='bbox 211 859 290 936; x_wconf 90' lang='lat' dir='ltr'>quod</span> <span class='ocrx_word' id='word_1_58' title='bbox 307 879 435 936; x_wconf 89' lang='lat' dir='ltr'>poenam</span> <span class='ocrx_word' id='word_1_59' title='bbox 452 862 594 934; x_wconf 87' lang='lat' dir='ltr'>nostram,</span> <span class='ocrx_word' id='word_1_60' title='bbox 612 860 692 936; x_wconf 87' lang='lat' dir='ltr'>quod</span> <span class='ocrx_word' id='word_1_61' title='bbox 709 860 883 938; x_wconf 91' lang='lat' dir='ltr'>sanguinem</span> <span class='ocrx_word' id='word_1_62' title='bbox 900 859 985 936; x_wconf 92' lang='lat' dir='ltr'>petit.</span> <span class='ocrx_word' id='word_1_63' title='bbox 1022 879 1082 918; x_wconf 90' lang='lat' dir='ltr'>non</span> 
     </span>
     <span class='ocr_line' id='line_1_9' title="bbox 65 948 1081 1027; baseline -0.002 -17"><span class='ocrx_word' id='word_1_64' title='bbox 65 951 214 1026; x_wconf 72' lang='lat' dir='ltr'>expectes,</span> <span class='ocrx_word' id='word_1_65' title='bbox 231 951 266 1007; x_wconf 93' lang='lat' dir='ltr'>ut</span> <span class='ocrx_word' id='word_1_66' title='bbox 283 950 384 1008; x_wconf 89' lang='lat' dir='ltr'>statim</span> <span class='ocrx_word' id='word_1_67' title='bbox 405 951 519 1026; x_wconf 71' lang='lat' dir='ltr'>gratim</span> <span class='ocrx_word' id='word_1_68' title='bbox 538 951 610 1027; x_wconf 86' lang='lat' dir='ltr'>agat</span> <span class='ocrx_word' id='word_1_69' title='bbox 628 949 680 1025; x_wconf 91' lang='lat' dir='ltr'>qui</span> <span class='ocrx_word' id='word_1_70' title='bbox 699 951 822 1008; x_wconf 91' lang='lat' dir='ltr'>sanatur</span> <span class='ocrx_word' id='word_1_71' title='bbox 838 948 959 1009; x_wconf 88' lang='lat' dir='ltr'>invitus.</span> <span class='ocrx_word' id='word_1_72' title='bbox 997 948 1081 1008; x_wconf 90' lang='lat' dir='ltr'>nobis</span> 
     </span>
     <span class='ocr_line' id='line_1_10' title="bbox 64 1037 1082 1116; baseline -0.002 -18"><span class='ocrx_word' id='word_1_73' title='bbox 64 1040 183 1112; x_wconf 82' lang='lat' dir='ltr'>tamen,</span> <span class='ocrx_word' id='word_1_74' title='bbox 214 1037 340 1111; x_wconf 89' lang='lat' dir='ltr'>iudices,</span> <span class='ocrx_word' id='word_1_75' title='bbox 370 1038 545 1097; x_wconf 83' lang='lat' dir='ltr'>hodiernam</span> <span class='ocrx_word' id='word_1_76' title='bbox 576 1040 715 1116; x_wconf 82' lang='lat' dir='ltr'>pauperis</span> <span class='ocrx_word' id='word_1_77' title='bbox 742 1040 871 1097; x_wconf 79' lang='lat' dir='ltr'>mentem</span> <span class='ocrx_word' id='word_1_78' title='bbox 898 1056 957 1097; x_wconf 91' lang='lat' dir='ltr'>non</span> <span class='ocrx_word' id='word_1_79' title='bbox 984 1038 1082 1114; x_wconf 89' lang='lat' dir='ltr'>prima</span> 
     </span>
     <span class='ocr_line' id='line_1_11' title="bbox 21 1126 1082 1187; baseline 0.001 -3"><span class='ocrx_word' id='word_1_80' title='bbox 21 1142 54 1187; x_wconf 80' lang='lat' dir='ltr'>ro</span> <span class='ocrx_word' id='word_1_81' title='bbox 66 1128 167 1186; x_wconf 79' lang='lat' dir='ltr'>fronte</span> <span class='ocrx_word' id='word_1_82' title='bbox 190 1127 388 1186; x_wconf 71' lang='lat' dir='ltr'>tractantibus</span> <span class='ocrx_word' id='word_1_83' title='bbox 411 1127 592 1187; x_wconf 86' lang='lat' dir='ltr'>miserrimus</span> <span class='ocrx_word' id='word_1_84' title='bbox 614 1128 730 1186; x_wconf 88' lang='lat' dir='ltr'>iuvenis</span> <span class='ocrx_word' id='word_1_85' title='bbox 749 1127 880 1187; x_wconf 80' lang='lat' dir='ltr'>nondum</span> <span class='ocrx_word' id='word_1_86' title='bbox 898 1126 1016 1186; x_wconf 83' lang='lat' dir='ltr'>videtur</span> <span class='ocrx_word' id='word_1_87' title='bbox 1035 1145 1082 1186; x_wconf 85' lang='lat' dir='ltr'>ex-</span> 
     </span>
     <span class='ocr_line' id='line_1_12' title="bbox 63 1215 1083 1294; baseline -0.002 -19"><span class='ocrx_word' id='word_1_88' title='bbox 63 1217 200 1294; x_wconf 87' lang='lat' dir='ltr'>plicitus,</span> <span class='ocrx_word' id='word_1_89' title='bbox 219 1218 257 1290; x_wconf 91' lang='lat' dir='ltr'>et,</span> <span class='ocrx_word' id='word_1_90' title='bbox 280 1215 305 1275; x_wconf 90' lang='lat' dir='ltr'>si</span> <span class='ocrx_word' id='word_1_91' title='bbox 323 1215 398 1275; x_wconf 92' lang='lat' dir='ltr'>benc</span> <span class='ocrx_word' id='word_1_92' title='bbox 414 1216 523 1292; x_wconf 88' lang='lat' dir='ltr'>prioris</span> <span class='ocrx_word' id='word_1_93' title='bbox 541 1215 655 1276; x_wconf 87' lang='lat' dir='ltr'>ardoris</span> <span class='ocrx_word' id='word_1_94' title='bbox 673 1217 883 1292; x_wconf 86' lang='lat' dir='ltr'>inpatientiam</span> <span class='ocrx_word' id='word_1_95' title='bbox 900 1218 980 1291; x_wconf 85' lang='lat' dir='ltr'>novi,</span> <span class='ocrx_word' id='word_1_96' title='bbox 1002 1216 1083 1292; x_wconf 84' lang='lat' dir='ltr'>quod</span> 
     </span>
     <span class='ocr_line' id='line_1_13' title="bbox 67 1304 1097 1382; baseline -0.002 -16"><span class='ocrx_word' id='word_1_97' title='bbox 67 1324 136 1366; x_wconf 87' lang='lat' dir='ltr'>cum</span> <span class='ocrx_word' id='word_1_98' title='bbox 159 1306 288 1364; x_wconf 86' lang='lat' dir='ltr'>maxime</span> <span class='ocrx_word' id='word_1_99' title='bbox 310 1304 396 1380; x_wconf 86' lang='lat' dir='ltr'>facit,</span> <span class='ocrx_word' id='word_1_100' title='bbox 423 1307 484 1381; x_wconf 89' lang='lat' dir='ltr'>ira,</span> <span class='ocrx_word' id='word_1_101' title='bbox 506 1324 565 1364; x_wconf 90' lang='lat' dir='ltr'>non</span> <span class='ocrx_word' id='word_1_102' title='bbox 588 1304 688 1365; x_wconf 81' lang='lat' dir='ltr'>odium</span> <span class='ocrx_word' id='word_1_103' title='bbox 712 1308 765 1364; x_wconf 90' lang='lat' dir='ltr'>est.</span> <span class='ocrx_word' id='word_1_104' title='bbox 810 1305 944 1382; x_wconf 89' lang='lat' dir='ltr'>alioquin</span> <span class='ocrx_word' id='word_1_105' title='bbox 967 1308 993 1365; x_wconf 87' lang='lat' dir='ltr'>si</span> <span class='ocrx_word' id='word_1_106' title='bbox 1014 1324 1097 1382; x_wconf 90' lang='lat' dir='ltr'>pro--</span> 
     </span>
     <span class='ocr_line' id='line_1_14' title="bbox 67 1393 1082 1471; baseline 0.001 -19"><span class='ocrx_word' id='word_1_107' title='bbox 67 1395 188 1454; x_wconf 83' lang='lat' dir='ltr'>fecisset</span> <span class='ocrx_word' id='word_1_108' title='bbox 214 1393 389 1468; x_wconf 83' lang='lat' dir='ltr'>remedium,</span> <span class='ocrx_word' id='word_1_109' title='bbox 417 1395 448 1453; x_wconf 93' lang='lat' dir='ltr'>et</span> <span class='ocrx_word' id='word_1_110' title='bbox 470 1413 488 1453; x_wconf 92' lang='lat' dir='ltr'>a</span> <span class='ocrx_word' id='word_1_111' title='bbox 514 1394 640 1471; x_wconf 91' lang='lat' dir='ltr'>pristino</span> <span class='ocrx_word' id='word_1_112' title='bbox 668 1395 767 1453; x_wconf 89' lang='lat' dir='ltr'>furore</span> <span class='ocrx_word' id='word_1_113' title='bbox 794 1395 855 1452; x_wconf 90' lang='lat' dir='ltr'>iam</span> <span class='ocrx_word' id='word_1_114' title='bbox 882 1395 958 1454; x_wconf 91' lang='lat' dir='ltr'>liber</span> <span class='ocrx_word' id='word_1_115' title='bbox 983 1396 1082 1454; x_wconf 88' lang='lat' dir='ltr'>animo</span> 
     </span>
     <span class='ocr_line' id='line_1_15' title="bbox 67 1483 1082 1560; baseline 0 -18"><span class='ocrx_word' id='word_1_116' title='bbox 67 1483 257 1542; x_wconf 84' lang='lat' dir='ltr'>intellectum</span> <span class='ocrx_word' id='word_1_117' title='bbox 280 1483 418 1542; x_wconf 88' lang='lat' dir='ltr'>sanitatis</span> <span class='ocrx_word' id='word_1_118' title='bbox 442 1484 621 1557; x_wconf 83' lang='lat' dir='ltr'>admitteret,</span> <span class='ocrx_word' id='word_1_119' title='bbox 645 1502 762 1542; x_wconf 92' lang='lat' dir='ltr'>omnem</span> <span class='ocrx_word' id='word_1_120' title='bbox 785 1483 881 1543; x_wconf 84' lang='lat' dir='ltr'>adhuc</span> <span class='ocrx_word' id='word_1_121' title='bbox 903 1483 1020 1560; x_wconf 86' lang='lat' dir='ltr'>puellae</span> <span class='ocrx_word' id='word_1_122' title='bbox 1039 1485 1082 1542; x_wconf 80' lang='lat' dir='ltr'>ui-</span> 
     </span>
     <span class='ocr_line' id='line_1_16' title="bbox 23 1571 1082 1649; baseline 0.001 -18"><span class='ocrx_word' id='word_1_123' title='bbox 23 1575 150 1632; x_wconf 85' lang='lat' dir='ltr'>1staret</span> <span class='ocrx_word' id='word_1_124' title='bbox 173 1589 335 1646; x_wconf 84' lang='lat' dir='ltr'>occursum,</span> <span class='ocrx_word' id='word_1_125' title='bbox 357 1591 417 1631; x_wconf 91' lang='lat' dir='ltr'>non</span> <span class='ocrx_word' id='word_1_126' title='bbox 440 1571 497 1630; x_wconf 90' lang='lat' dir='ltr'>sibi</span> <span class='ocrx_word' id='word_1_127' title='bbox 515 1572 647 1631; x_wconf 89' lang='lat' dir='ltr'>crederet</span> <span class='ocrx_word' id='word_1_128' title='bbox 668 1572 814 1630; x_wconf 90' lang='lat' dir='ltr'>ultionem</span> <span class='ocrx_word' id='word_1_129' title='bbox 838 1575 868 1631; x_wconf 92' lang='lat' dir='ltr'>et</span> <span class='ocrx_word' id='word_1_130' title='bbox 889 1574 988 1649; x_wconf 89' lang='lat' dir='ltr'>ipsum</span> <span class='ocrx_word' id='word_1_131' title='bbox 1010 1592 1082 1648; x_wconf 90' lang='lat' dir='ltr'>quo-</span> 
     </span>
     <span class='ocr_line' id='line_1_17' title="bbox 68 1660 1083 1738; baseline 0 -18"><span class='ocrx_word' id='word_1_132' title='bbox 68 1680 128 1737; x_wconf 92' lang='lat' dir='ltr'>que</span> <span class='ocrx_word' id='word_1_133' title='bbox 146 1660 249 1719; x_wconf 84' lang='lat' dir='ltr'>iudicii</span> <span class='ocrx_word' id='word_1_134' title='bbox 267 1661 388 1720; x_wconf 89' lang='lat' dir='ltr'>timeret</span> <span class='ocrx_word' id='word_1_135' title='bbox 405 1661 487 1719; x_wconf 83' lang='lat' dir='ltr'>adire</span> <span class='ocrx_word' id='word_1_136' title='bbox 506 1661 687 1737; x_wconf 85' lang='lat' dir='ltr'>conplexum.</span> <span class='ocrx_word' id='word_1_137' title='bbox 725 1661 906 1737; x_wconf 81' lang='lat' dir='ltr'>deprehensa</span> <span class='ocrx_word' id='word_1_138' title='bbox 924 1664 977 1736; x_wconf 93' lang='lat' dir='ltr'>est,</span> <span class='ocrx_word' id='word_1_139' title='bbox 999 1665 1083 1738; x_wconf 91' lang='lat' dir='ltr'>puto,</span> 
     </span>
     <span class='ocr_line' id='line_1_18' title="bbox 68 1750 1083 1826; baseline 0 -17"><span class='ocrx_word' id='word_1_140' title='bbox 68 1751 230 1810; x_wconf 86' lang='lat' dir='ltr'>novissime</span> <span class='ocrx_word' id='word_1_141' title='bbox 257 1750 387 1825; x_wconf 89' lang='lat' dir='ltr'>potionis</span> <span class='ocrx_word' id='word_1_142' title='bbox 415 1769 599 1825; x_wconf 82' lang='lat' dir='ltr'>supervacua</span> <span class='ocrx_word' id='word_1_143' title='bbox 627 1751 789 1826; x_wconf 82' lang='lat' dir='ltr'>persuasio.</span> <span class='ocrx_word' id='word_1_144' title='bbox 835 1754 930 1825; x_wconf 88' lang='lat' dir='ltr'>amat,</span> <span class='ocrx_word' id='word_1_145' title='bbox 962 1751 1083 1826; x_wconf 88' lang='lat' dir='ltr'>iudices,</span> 
     </span>
     <span class='ocr_line' id='line_1_19' title="bbox 69 1838 718 1915; baseline -0.005 -15"><span class='ocrx_word' id='word_1_146' title='bbox 69 1841 154 1899; x_wconf 83' lang='lat' dir='ltr'>emat</span> <span class='ocrx_word' id='word_1_147' title='bbox 177 1840 231 1914; x_wconf 90' lang='lat' dir='ltr'>qui</span> <span class='ocrx_word' id='word_1_148' title='bbox 254 1838 388 1913; x_wconf 87' lang='lat' dir='ltr'>queritur</span> <span class='ocrx_word' id='word_1_149' title='bbox 411 1839 489 1915; x_wconf 86' lang='lat' dir='ltr'>quod</span> <span class='ocrx_word' id='word_1_150' title='bbox 513 1858 572 1898; x_wconf 93' lang='lat' dir='ltr'>non</span> <span class='ocrx_word' id='word_1_151' title='bbox 596 1841 718 1898; x_wconf 91' lang='lat' dir='ltr'>ametur.</span> 
     </span>
     <span class='ocr_line' id='line_1_20' title="bbox 10 1925 1119 2005; baseline 0.004 -21"><span class='ocrx_word' id='word_1_152' title='bbox 10 1988 12 1993; x_wconf 69' lang='grc'>,</span> <span class='ocrx_word' id='word_1_153' title='bbox 137 1926 215 1997; x_wconf 83' lang='lat' dir='ltr'>Quid</span> <span class='ocrx_word' id='word_1_154' title='bbox 238 1945 327 2004; x_wconf 88' lang='lat' dir='ltr'>agam</span> <span class='ocrx_word' id='word_1_155' title='bbox 349 1928 415 2003; x_wconf 89' lang='lat' dir='ltr'>hoc,</span> <span class='ocrx_word' id='word_1_156' title='bbox 435 1927 556 2003; x_wconf 82' lang='lat' dir='ltr'>iudices,</span> <span class='ocrx_word' id='word_1_157' title='bbox 579 1925 665 1987; x_wconf 79' lang='lat' dir='ltr'>loco?</span> <span class='ocrx_word' id='word_1_158' title='bbox 688 1927 742 1986; x_wconf 91' lang='lat' dir='ltr'>sub</span> <span class='ocrx_word' id='word_1_159' title='bbox 765 1948 824 2004; x_wconf 92' lang='lat' dir='ltr'>quo</span> <span class='ocrx_word' id='word_1_160' title='bbox 847 1931 1081 2005; x_wconf 87' lang='lat' dir='ltr'>temperamento</span> <span class='ocrx_word' id='word_1_161' title='bbox 1100 1925 1119 1981; x_wconf 74' lang='lat'><strong>2</strong></span> 
     </span>
     <span class='ocr_line' id='line_1_21' title="bbox 21 2014 1083 2096; baseline 0 -20"><span class='ocrx_word' id='word_1_162' title='bbox 21 2028 57 2077; x_wconf 67' lang='grc' dir='ltr'><strong><em>κ</em></strong></span> <span class='ocrx_word' id='word_1_163' title='bbox 69 2015 272 2075; x_wconf 79' lang='lat' dir='ltr'>defensionem</span> <span class='ocrx_word' id='word_1_164' title='bbox 293 2017 493 2092; x_wconf 88' lang='lat' dir='ltr'>periclitantis</span> <span class='ocrx_word' id='word_1_165' title='bbox 515 2014 693 2096; x_wconf 79' lang='lat' dir='ltr'>adgrediar?</span> <span class='ocrx_word' id='word_1_166' title='bbox 715 2019 821 2091; x_wconf 90' lang='lat' dir='ltr'>timeo,</span> <span class='ocrx_word' id='word_1_167' title='bbox 843 2037 890 2093; x_wconf 90' lang='lat' dir='ltr'>ne,</span> <span class='ocrx_word' id='word_1_168' title='bbox 912 2018 937 2076; x_wconf 90' lang='lat' dir='ltr'>si</span> <span class='ocrx_word' id='word_1_169' title='bbox 961 2035 1083 2094; x_wconf 91' lang='lat' dir='ltr'>coepero</span> 
     </span>
     <span class='ocr_line' id='line_1_22' title="bbox 68 2105 1083 2182; baseline -0.001 -16"><span class='ocrx_word' id='word_1_170' title='bbox 68 2105 309 2182; x_wconf 80' lang='lat' dir='ltr'>simplicissimae</span> <span class='ocrx_word' id='word_1_171' title='bbox 335 2106 452 2182; x_wconf 91' lang='lat' dir='ltr'>puellae</span> <span class='ocrx_word' id='word_1_172' title='bbox 475 2107 598 2165; x_wconf 86' lang='lat' dir='ltr'>laudare</span> <span class='ocrx_word' id='word_1_173' title='bbox 624 2124 734 2180; x_wconf 88' lang='lat' dir='ltr'>mores,</span> <span class='ocrx_word' id='word_1_174' title='bbox 757 2105 867 2165; x_wconf 87' lang='lat' dir='ltr'>referre</span> <span class='ocrx_word' id='word_1_175' title='bbox 893 2106 1083 2181; x_wconf 83' lang='lat' dir='ltr'>probitatem,</span> 
     </span>
     <span class='ocr_line' id='line_1_23' title="bbox 67 2194 1084 2273; baseline -0.002 -19"><span class='ocrx_word' id='word_1_176' title='bbox 67 2212 172 2254; x_wconf 86' lang='lat' dir='ltr'>amare</span> <span class='ocrx_word' id='word_1_177' title='bbox 193 2211 297 2254; x_wconf 90' lang='lat' dir='ltr'>rursus</span> <span class='ocrx_word' id='word_1_178' title='bbox 314 2213 428 2272; x_wconf 88' lang='lat' dir='ltr'>pauper</span> <span class='ocrx_word' id='word_1_179' title='bbox 445 2194 578 2273; x_wconf 87' lang='lat' dir='ltr'>incipiat.</span> <span class='ocrx_word' id='word_1_180' title='bbox 611 2196 673 2254; x_wconf 86' lang='lat' dir='ltr'>sive</span> <span class='ocrx_word' id='word_1_181' title='bbox 692 2196 779 2270; x_wconf 89' lang='lat' dir='ltr'>enim,</span> <span class='ocrx_word' id='word_1_182' title='bbox 803 2195 923 2268; x_wconf 86' lang='lat' dir='ltr'>iudices,</span> <span class='ocrx_word' id='word_1_183' title='bbox 946 2195 1084 2273; x_wconf 87' lang='lat' dir='ltr'>maligni-</span> 
     </span>
     <span class='ocr_line' id='line_1_24' title="bbox 67 2284 1084 2359; baseline -0.001 -15"><span class='ocrx_word' id='word_1_184' title='bbox 67 2286 118 2344; x_wconf 83' lang='lat' dir='ltr'>tas</span> <span class='ocrx_word' id='word_1_185' title='bbox 152 2285 197 2342; x_wconf 87' lang='lat' dir='ltr'>est</span> <span class='ocrx_word' id='word_1_186' title='bbox 227 2284 427 2359; x_wconf 84' lang='lat' dir='ltr'>persuasionis</span> <span class='ocrx_word' id='word_1_187' title='bbox 458 2284 606 2344; x_wconf 84' lang='lat' dir='ltr'>humanae</span> <span class='ocrx_word' id='word_1_188' title='bbox 638 2285 766 2343; x_wconf 85' lang='lat' dir='ltr'>formam</span> <span class='ocrx_word' id='word_1_189' title='bbox 792 2286 949 2343; x_wconf 88' lang='lat' dir='ltr'>vacantem</span> <span class='ocrx_word' id='word_1_190' title='bbox 977 2303 1084 2343; x_wconf 88' lang='lat' dir='ltr'>vocare</span> 
     </span>
     <span class='ocr_line' id='line_1_25' title="bbox 68 2371 1084 2449; baseline -0.001 -17"><span class='ocrx_word' id='word_1_191' title='bbox 68 2371 265 2446; x_wconf 87' lang='lat' dir='ltr'>meretricem,</span> <span class='ocrx_word' id='word_1_192' title='bbox 289 2390 340 2431; x_wconf 93' lang='lat' dir='ltr'>seu</span> <span class='ocrx_word' id='word_1_193' title='bbox 358 2374 483 2432; x_wconf 87' lang='lat' dir='ltr'>miserae</span> <span class='ocrx_word' id='word_1_194' title='bbox 506 2391 613 2433; x_wconf 90' lang='lat' dir='ltr'>nomen</span> <span class='ocrx_word' id='word_1_195' title='bbox 630 2373 663 2432; x_wconf 88' lang='lat' dir='ltr'>id</span> <span class='ocrx_word' id='word_1_196' title='bbox 684 2372 818 2449; x_wconf 90' lang='lat' dir='ltr'>inposuit</span> <span class='ocrx_word' id='word_1_197' title='bbox 841 2373 950 2449; x_wconf 88' lang='lat' dir='ltr'>aliquis</span> <span class='ocrx_word' id='word_1_198' title='bbox 969 2375 1084 2433; x_wconf 88' lang='lat' dir='ltr'>amator</span> 
     </span>
     <span class='ocr_line' id='line_1_26' title="bbox 23 2461 1085 2537; baseline 0 -16"><span class='ocrx_word' id='word_1_199' title='bbox 23 2472 56 2521; x_wconf 64' lang='lat' dir='ltr'>’a</span> <span class='ocrx_word' id='word_1_200' title='bbox 70 2462 121 2521; x_wconf 88' lang='lat' dir='ltr'>cui</span> <span class='ocrx_word' id='word_1_201' title='bbox 144 2479 211 2520; x_wconf 90' lang='lat' dir='ltr'>cum</span> <span class='ocrx_word' id='word_1_202' title='bbox 234 2461 364 2537; x_wconf 87' lang='lat' dir='ltr'>corporis</span> <span class='ocrx_word' id='word_1_203' title='bbox 390 2461 476 2521; x_wconf 90' lang='lat' dir='ltr'>bonis</span> <span class='ocrx_word' id='word_1_204' title='bbox 503 2463 625 2521; x_wconf 86' lang='lat' dir='ltr'>fortuna</span> <span class='ocrx_word' id='word_1_205' title='bbox 651 2480 711 2521; x_wconf 91' lang='lat' dir='ltr'>non</span> <span class='ocrx_word' id='word_1_206' title='bbox 739 2462 861 2520; x_wconf 85' lang='lat' dir='ltr'>dederat</span> <span class='ocrx_word' id='word_1_207' title='bbox 885 2462 962 2521; x_wconf 84' lang='lat' dir='ltr'>unde</span> <span class='ocrx_word' id='word_1_208' title='bbox 990 2465 1085 2521; x_wconf 86' lang='lat' dir='ltr'>severi</span> 
     </span>
     <span class='ocr_line' id='line_1_27' title="bbox 69 2549 1084 2627; baseline 0 -17"><span class='ocrx_word' id='word_1_209' title='bbox 69 2549 257 2610; x_wconf 82' lang='lat' dir='ltr'>matrimonii</span> <span class='ocrx_word' id='word_1_210' title='bbox 280 2551 414 2609; x_wconf 89' lang='lat' dir='ltr'>castitati</span> <span class='ocrx_word' id='word_1_211' title='bbox 432 2549 587 2627; x_wconf 86' lang='lat' dir='ltr'>sufficeret,</span> <span class='ocrx_word' id='word_1_212' title='bbox 609 2550 760 2610; x_wconf 86' lang='lat' dir='ltr'>laboravit</span> <span class='ocrx_word' id='word_1_213' title='bbox 777 2551 1000 2610; x_wconf 89' lang='lat' dir='ltr'>necessitatium</span> <span class='ocrx_word' id='word_1_214' title='bbox 1018 2571 1084 2610; x_wconf 91' lang='lat' dir='ltr'>sua-</span> 
     </span>
    </p>
   </div>
   <div class='ocr_carea' id='block_1_3' title="bbox 12 2736 1086 3165">
    <p class='ocr_par' dir='ltr' id='par_1_3' title="bbox 63 2736 1086 3092">
     <span class='ocr_line' id='line_1_28' title="bbox 144 2736 1016 2808; baseline 0 -17"><span class='ocrx_word' id='word_1_215' title='bbox 144 2743 162 2791; x_wconf 74' lang='lat'>2</span> <span class='ocrx_word' id='word_1_216' title='bbox 178 2736 349 2807; x_wconf 81' lang='lat' dir='ltr'>gratuletur:</span> <span class='ocrx_word' id='word_1_217' title='bbox 368 2737 475 2793; x_wconf 88' lang='lat' dir='ltr'>tuletur</span> <span class='ocrx_word' id='word_1_218' title='bbox 491 2748 520 2791; x_wconf 99' lang='grc' dir='ltr'><strong><em>Β</em></strong></span> <span class='ocrx_word' id='word_1_219' title='bbox 596 2754 709 2792; x_wconf 79' lang='lat' dir='ltr'>aucune</span> <span class='ocrx_word' id='word_1_220' title='bbox 727 2738 785 2792; x_wconf 91' lang='lat' dir='ltr'>iam</span> <span class='ocrx_word' id='word_1_221' title='bbox 802 2754 859 2792; x_wconf 89' lang='lat' dir='ltr'>non</span> <span class='ocrx_word' id='word_1_222' title='bbox 876 2740 971 2808; x_wconf 88' lang='lat' dir='ltr'>potest</span> <span class='ocrx_word' id='word_1_223' title='bbox 988 2748 1016 2791; x_wconf 93' lang='grc' dir='ltr'><strong><em>Β</em></strong></span> 
     </span>
     <span class='ocr_line' id='line_1_29' title="bbox 70 2808 1085 2880; baseline 0.001 -17"><span class='ocrx_word' id='word_1_224' title='bbox 70 2808 151 2863; x_wconf 66' lang='lat' dir='ltr'>sin:</span> <span class='ocrx_word' id='word_1_225' title='bbox 170 2825 226 2862; x_wconf 93' lang='lat' dir='ltr'>non</span> <span class='ocrx_word' id='word_1_226' title='bbox 244 2818 273 2861; x_wconf 99' lang='grc' dir='ltr'><strong><em>Β</em></strong></span> <span class='ocrx_word' id='word_1_227' title='bbox 342 2811 492 2864; x_wconf 78' lang='lat' dir='ltr'>ocoactee</span> <span class='ocrx_word' id='word_1_228' title='bbox 511 2826 544 2864; x_wconf 80' lang='lat' dir='ltr'>ac</span> <span class='ocrx_word' id='word_1_229' title='bbox 562 2811 678 2864; x_wconf 87' lang='lat' dir='ltr'>eoactae</span> <span class='ocrx_word' id='word_1_230' title='bbox 696 2819 724 2862; x_wconf 93' lang='grc' dir='ltr'><strong><em>Β</em></strong></span> <span class='ocrx_word' id='word_1_231' title='bbox 791 2810 872 2880; x_wconf 57' lang='lat' dir='ltr'>eget</span> <span class='ocrx_word' id='word_1_232' title='bbox 889 2808 1023 2863; x_wconf 87' lang='lat' dir='ltr'>terribilis</span> <span class='ocrx_word' id='word_1_233' title='bbox 1043 2819 1085 2878; x_wconf 71' lang='grc' dir='ltr'>Μς</span> 
     </span>
     <span class='ocr_line' id='line_1_30' title="bbox 70 2879 1032 2950; baseline 0 -16"><span class='ocrx_word' id='word_1_234' title='bbox 70 2879 108 2934; x_wconf 84' lang='lat' dir='ltr'>(ie</span> <span class='ocrx_word' id='word_1_235' title='bbox 125 2888 197 2934; x_wconf 74' lang='lat' dir='ltr'>Bw</span> <span class='ocrx_word' id='word_1_236' title='bbox 266 2879 504 2950; x_wconf 68' lang='lat' dir='ltr'>&#39;iitsanguinem</span> <span class='ocrx_word' id='word_1_237' title='bbox 522 2890 549 2934; x_wconf 82' lang='lat' dir='ltr'><em>P</em></span> <span class='ocrx_word' id='word_1_238' title='bbox 619 2883 788 2949; x_wconf 77' lang='lat' dir='ltr'>Serapeout</span> <span class='ocrx_word' id='word_1_239' title='bbox 805 2891 843 2947; x_wconf 87' lang='grc' dir='ltr'>Β,</span> <span class='ocrx_word' id='word_1_240' title='bbox 862 2882 906 2934; x_wconf 92' lang='lat' dir='ltr'>tat</span> <span class='ocrx_word' id='word_1_241' title='bbox 923 2891 1032 2950; x_wconf 66' lang='lat' dir='ltr'>sapae</span> 
     </span>
     <span class='ocr_line' id='line_1_31' title="bbox 71 2952 1086 3021; baseline 0 -15"><span class='ocrx_word' id='word_1_242' title='bbox 71 2953 149 3006; x_wconf 67' lang='grc' dir='ltr'>θῶ</span> <span class='ocrx_word' id='word_1_243' title='bbox 168 2963 195 3018; x_wconf 77' lang='lat' dir='ltr'>e3</span> <span class='ocrx_word' id='word_1_244' title='bbox 213 2967 325 3006; x_wconf 89' lang='lat' dir='ltr'>manem</span> <span class='ocrx_word' id='word_1_245' title='bbox 342 2961 381 3020; x_wconf 76' lang='grc' dir='ltr'>Β;</span> <span class='ocrx_word' id='word_1_246' title='bbox 399 2961 501 3008; x_wconf 68' lang='lat' dir='ltr'>corae</span> <span class='ocrx_word' id='word_1_247' title='bbox 564 2958 596 3006; x_wconf 94' lang='lat'>11</span> <span class='ocrx_word' id='word_1_248' title='bbox 616 2952 699 3006; x_wconf 86' lang='lat' dir='ltr'>ardor</span> <span class='ocrx_word' id='word_1_249' title='bbox 717 2961 745 3005; x_wconf 81' lang='grc' dir='ltr'><strong><em>Ρ</em></strong></span> <span class='ocrx_word' id='word_1_250' title='bbox 797 2959 861 3021; x_wconf 78' lang='lat' dir='ltr'>post</span> <span class='ocrx_word' id='word_1_251' title='bbox 877 2952 1086 3021; x_wconf 86' lang='lat' dir='ltr'>impatientiam</span> 
     </span>
     <span class='ocr_line' id='line_1_32' title="bbox 63 3023 1086 3092; baseline -0.004 -12"><span class='ocrx_word' id='word_1_252' title='bbox 63 3023 356 3080; x_wconf 71' lang='lat' dir='ltr'>·m.16-181itt.1</span> <span class='ocrx_word' id='word_1_253' title='bbox 408 3029 441 3087; x_wconf 73' lang='lat'>12</span> <span class='ocrx_word' id='word_1_254' title='bbox 460 3040 524 3077; x_wconf 90' lang='lat' dir='ltr'>cum</span> <span class='ocrx_word' id='word_1_255' title='bbox 540 3032 667 3087; x_wconf 62' lang='lat' dir='ltr'>eramo</span> <span class='ocrx_word' id='word_1_256' title='bbox 718 3023 874 3092; x_wconf 88' lang='lat' dir='ltr'>proficisset</span> <span class='ocrx_word' id='word_1_257' title='bbox 887 3033 915 3076; x_wconf 93' lang='grc' dir='ltr'><strong><em>Β</em></strong></span> <span class='ocrx_word' id='word_1_258' title='bbox 969 3029 1001 3078; x_wconf 89' lang='grc'>16</span> <span class='ocrx_word' id='word_1_259' title='bbox 1021 3039 1086 3077; x_wconf 91' lang='lat' dir='ltr'>con-</span> 
     </span>
    </p>

    <p class='ocr_par' dir='ltr' id='par_1_4' title="bbox 12 3092 1084 3165">
     <span class='ocr_line' id='line_1_33' title="bbox 12 3092 1084 3165; baseline -0.001 -17"><span class='ocrx_word' id='word_1_260' title='bbox 12 3130 15 3137; x_wconf 90' lang='lat'>·</span> <span class='ocrx_word' id='word_1_261' title='bbox 70 3092 199 3165; x_wconf 83' lang='lat' dir='ltr'>plexum:</span> <span class='ocrx_word' id='word_1_262' title='bbox 215 3109 374 3148; x_wconf 87' lang='lat' dir='ltr'>consessum</span> <span class='ocrx_word' id='word_1_263' title='bbox 388 3094 460 3164; x_wconf 76' lang='lat' dir='ltr'>Sct.;</span> <span class='ocrx_word' id='word_1_264' title='bbox 477 3109 612 3149; x_wconf 86' lang='lat' dir='ltr'>conexum</span> <span class='ocrx_word' id='word_1_265' title='bbox 625 3095 703 3149; x_wconf 82' lang='lat' dir='ltr'>Dece.</span> <span class='ocrx_word' id='word_1_266' title='bbox 761 3099 793 3147; x_wconf 80' lang='lat'>17</span> <span class='ocrx_word' id='word_1_267' title='bbox 813 3095 1020 3150; x_wconf 82' lang='lat' dir='ltr'>amataltcrum</span> <span class='ocrx_word' id='word_1_268' title='bbox 1034 3111 1084 3149; x_wconf 85' lang='lat' dir='ltr'>om.</span> 
     </span>
    </p>
   </div>
   <div class='ocr_carea' id='block_1_4' title="bbox 71 3181 1085 3270">
    <p class='ocr_par' dir='ltr' id='par_1_5' title="bbox 71 3181 1085 3270">
     <span class='ocr_line' id='line_1_34' title="bbox 71 3181 1085 3270; baseline 0 -15"><span class='ocrx_word' id='word_1_269' title='bbox 71 3210 105 3269; x_wconf 81' lang='lat' dir='ltr'>P,</span> <span class='ocrx_word' id='word_1_270' title='bbox 124 3199 225 3263; x_wconf 62' lang='lat' dir='ltr'>adda</span> <span class='ocrx_word' id='word_1_271' title='bbox 280 3205 313 3255; x_wconf 83' lang='grc'>19</span> <span class='ocrx_word' id='word_1_272' title='bbox 332 3181 553 3270; x_wconf 69' lang='lat' dir='ltr'>temptamento</span> <span class='ocrx_word' id='word_1_273' title='bbox 572 3210 600 3253; x_wconf 88' lang='grc' dir='ltr'><strong><em>Β</em></strong></span> <span class='ocrx_word' id='word_1_274' title='bbox 651 3205 685 3254; x_wconf 77' lang='lat'>20</span> <span class='ocrx_word' id='word_1_275' title='bbox 704 3217 739 3255; x_wconf 90' lang='lat' dir='ltr'>ne</span> <span class='ocrx_word' id='word_1_276' title='bbox 759 3202 797 3256; x_wconf 85' lang='lat' dir='ltr'>si:</span> <span class='ocrx_word' id='word_1_277' title='bbox 817 3201 872 3255; x_wconf 91' lang='lat' dir='ltr'>nisi</span> <span class='ocrx_word' id='word_1_278' title='bbox 889 3211 918 3254; x_wconf 99' lang='grc' dir='ltr'><strong><em>Β</em></strong></span> <span class='ocrx_word' id='word_1_279' title='bbox 969 3207 1002 3256; x_wconf 76' lang='lat'>21</span> <span class='ocrx_word' id='word_1_280' title='bbox 1022 3217 1085 3270; x_wconf 89' lang='lat' dir='ltr'>pro-</span> 
     </span>
    </p>
   </div>
   <div class='ocr_carea' id='block_1_5' title="bbox 53 3287 1146 3609">
    <p class='ocr_par' dir='ltr' id='par_1_6' title="bbox 53 3287 1146 3609">
     <span class='ocr_line' id='line_1_35' title="bbox 71 3287 1103 3397; baseline -0.007 -16"><span class='ocrx_word' id='word_1_281' title='bbox 71 3287 187 3382; x_wconf 61' lang='lat' dir='ltr'>sisaim</span> <span class='ocrx_word' id='word_1_282' title='bbox 206 3334 238 3379; x_wconf 79' lang='grc' dir='ltr'>Ι</span> <span class='ocrx_word' id='word_1_283' title='bbox 320 3330 353 3379; x_wconf 71' lang='lat'>28</span> <span class='ocrx_word' id='word_1_284' title='bbox 371 3325 478 3380; x_wconf 81' lang='lat' dir='ltr'>formae</span> <span class='ocrx_word' id='word_1_285' title='bbox 497 3325 555 3381; x_wconf 74' lang='lat' dir='ltr'>Scio.</span> <span class='ocrx_word' id='word_1_286' title='bbox 643 3330 678 3381; x_wconf 81' lang='lat'>24</span> <span class='ocrx_word' id='word_1_287' title='bbox 695 3325 800 3382; x_wconf 84' lang='lat' dir='ltr'>misere</span> <span class='ocrx_word' id='word_1_288' title='bbox 814 3325 958 3397; x_wconf 56' lang='lat' dir='ltr'>probrum</span> <span class='ocrx_word' id='word_1_289' title='bbox 969 3324 1103 3379; x_wconf 68' lang='lat' dir='ltr'>nomime</span> 
     </span>
     <span class='ocr_line' id='line_1_36' title="bbox 72 3394 1124 3468; baseline 0 -17"><span class='ocrx_word' id='word_1_290' title='bbox 72 3395 180 3451; x_wconf 83' lang='lat' dir='ltr'>iudices</span> <span class='ocrx_word' id='word_1_291' title='bbox 202 3396 336 3464; x_wconf 82' lang='lat' dir='ltr'>imposuit</span> <span class='ocrx_word' id='word_1_292' title='bbox 356 3396 419 3452; x_wconf 90' lang='lat' dir='ltr'>ioco</span> <span class='ocrx_word' id='word_1_293' title='bbox 438 3396 542 3468; x_wconf 76' lang='lat' dir='ltr'>aliquis</span> <span class='ocrx_word' id='word_1_294' title='bbox 566 3404 614 3457; x_wconf 76' lang='lat' dir='ltr'>eci.</span> <span class='ocrx_word' id='word_1_295' title='bbox 636 3408 669 3455; x_wconf 73' lang='grc' dir='ltr'><em>Μ</em></span> <span class='ocrx_word' id='word_1_296' title='bbox 741 3399 873 3457; x_wconf 77' lang='lat' dir='ltr'>nomime</span> <span class='ocrx_word' id='word_1_297' title='bbox 894 3408 943 3454; x_wconf 74' lang='lat' dir='ltr'>nv</span> <span class='ocrx_word' id='word_1_298' title='bbox 1014 3394 1077 3447; x_wconf 69' lang='lat' dir='ltr'>me</span> <span class='ocrx_word' id='word_1_299' title='bbox 1094 3398 1124 3442; x_wconf 75' lang='lat' dir='ltr'>B</span> 
     </span>
     <span class='ocr_line' id='line_1_37' title="bbox 65 3465 1146 3543; baseline -0.003 -25"><span class='ocrx_word' id='word_1_300' title='bbox 65 3472 102 3517; x_wconf 72' lang='lat'>56</span> <span class='ocrx_word' id='word_1_301' title='bbox 118 3466 177 3518; x_wconf 73' lang='lat' dir='ltr'>cui:</span> <span class='ocrx_word' id='word_1_302' title='bbox 194 3465 260 3530; x_wconf 82' lang='lat' dir='ltr'>qaia</span> <span class='ocrx_word' id='word_1_303' title='bbox 276 3467 332 3521; x_wconf 64' lang='lat' dir='ltr'>Bu,</span> <span class='ocrx_word' id='word_1_304' title='bbox 400 3468 476 3525; x_wconf 85' lang='lat' dir='ltr'>bona</span> <span class='ocrx_word' id='word_1_305' title='bbox 494 3481 558 3528; x_wconf 77' lang='grc' dir='ltr'>ΒΜ</span> <span class='ocrx_word' id='word_1_306' title='bbox 633 3491 667 3531; x_wconf 89' lang='lat' dir='ltr'>se</span> <span class='ocrx_word' id='word_1_307' title='bbox 684 3475 752 3532; x_wconf 79' lang='lat' dir='ltr'>veri</span> <span class='ocrx_word' id='word_1_308' title='bbox 766 3485 808 3543; x_wconf 73' lang='lat' dir='ltr'>ve</span> <span class='ocrx_word' id='word_1_309' title='bbox 885 3477 924 3528; x_wconf 70' lang='lat' dir='ltr'>‘it</span> <span class='ocrx_word' id='word_1_310' title='bbox 946 3465 1091 3525; x_wconf 66' lang='lat' dir='ltr'>castitati</span> <span class='ocrx_word' id='word_1_311' title='bbox 1107 3467 1146 3507; x_wconf 64' lang='lat' dir='ltr'>‘n</span> 
     </span>
     <span class='ocr_line' id='line_1_38' title="bbox 53 3533 492 3609; baseline 0.036 -28"><span class='ocrx_word' id='word_1_312' title='bbox 53 3533 96 3582; x_wconf 74' lang='lat' dir='ltr'>-te</span> <span class='ocrx_word' id='word_1_313' title='bbox 111 3551 135 3581; x_wconf 73' lang='grc' dir='ltr'><strong><em>υ</em></strong></span> <span class='ocrx_word' id='word_1_314' title='bbox 202 3536 407 3594; x_wconf 83' lang='lat' dir='ltr'>necessitatum</span> <span class='ocrx_word' id='word_1_315' title='bbox 433 3551 492 3609; x_wconf 69' lang='lat' dir='ltr'>Vsu</span> 
     </span>
    </p>
   </div>
   <div class='ocr_carea' id='block_1_6' title="bbox 0 0 1213 3840">
    <p class='ocr_par' dir='ltr' id='par_1_7' title="bbox 0 0 1213 3840">
     <span class='ocr_line' id='line_1_39' title="bbox 0 0 1213 3840; baseline 0 0"><span class='ocrx_word' id='word_1_316' title='bbox 0 0 1213 3840; x_wconf 95' lang='lat' dir='ltr'> </span> 
     </span>
    </p>
   </div>
  </div>
 </body>
</html>
