2408 3840
140 157 205 221 154
449 154 580 210 GEMINI
598 154 840 213 emovemus

137 325 283 386 suasionis
305 324 474 385 homiuibus
502 326 587 402 queri
610 319 675 405 [de]
698 326 792 386 totius
814 328 931 404 generis
954 326 1079 387 humani
1099 347 1151 387 no·

136 416 216 473 mine
239 413 315 472 volo.
362 433 452 489 quam
475 416 585 474 multas
608 416 688 474 artes
710 417 820 475 misera
843 416 1019 476 mortalium
1041 417 1150 477 sollici·

136 503 209 563 tudo
228 500 347 562 fecisti?
383 504 446 562 fato
465 505 603 578 vivimus,
622 504 806 582 languemus,
824 505 1066 581 convalescimus,
1089 525 1149 566 mo·

135 594 237 666 rimur,
260 592 416 667 medicina,
440 593 511 668 quid
535 595 678 669 praestas,
701 595 761 653 nisi
783 594 818 652 ut
835 595 920 653 iuxta
942 596 974 653 te
996 613 1083 654 nemo
1102 596 1148 655 de·

136 679 255 758 speret?
300 680 450 740 dicturum
476 701 524 741 me
551 685 654 758 putas:
688 677 758 741 ‘non
785 682 871 743 credo
898 683 1148 759 renuntiantibus,
1172 703 1183 744 1

135 788 194 830 non
217 770 333 845 accedo,
357 789 425 829 oum
447 771 586 830 deserunt
607 771 838 847 relinquuntque
860 768 1058 850 languentes?
1097 792 1149 851 ego

134 879 204 919 vero
236 860 358 919 medicis
391 879 450 918 non
483 860 569 919 credo
603 860 798 936 sperantibus.
850 862 975 935 aspicite
1006 864 1150 922 maiorem

134 952 252 1025 partem
275 950 390 1026 generis
413 950 537 1008 humani
559 951 602 1023 et,
629 951 656 1009 si
677 968 725 1007 me
747 951 926 1027 interroges,
954 950 1042 1010 illam
1064 951 1148 1010 robu-

134 1041 264 1112 stiorem,
287 1038 373 1097 illam
396 1038 491 1097 adhue
513 1040 546 1096 in
568 1040 665 1114 prima
688 1057 788 1097 rerum
810 1040 935 1098 naturae
954 1041 1084 1099 veritate
1106 1043 1149 1099 vi·

134 1131 261 1201 ventem,
283 1128 382 1187 nullos
401 1129 474 1187 artis
498 1127 585 1187 huius
608 1129 695 1186 novit
717 1128 887 1195 antestites:
909 1146 964 1188 nec
986 1131 1086 1189 minus
1103 1132 1147 1188 ta·
1161 1150 1184 1191 11

134 1236 201 1275 men
220 1217 366 1275 bellorum
384 1216 555 1276 vulneribus
573 1216 803 1293 morborumque
819 1216 956 1276 medetur
973 1218 1149 1293 iucursibus,

134 1325 193 1364 uon
217 1305 453 1381 disputationum
478 1307 613 1364 vanitate
636 1305 764 1380 sollerti,
793 1305 844 1365 sed
867 1308 1093 1383 experimentis,
1120 1310 1150 1367 11

133 1396 261 1453 invicem
288 1413 341 1469 per
369 1395 480 1454 similes
508 1395 724 1470 dissimilesque
748 1413 831 1454 casus
860 1394 1069 1456 observatione
1096 1396 1148 1455 du·

134 1484 227 1556 cente,
249 1483 363 1542 tradita
384 1486 500 1543 ratione
524 1486 677 1544 succurrit.
723 1503 783 1543 non
805 1484 952 1544 medicina
975 1488 1073 1561 sanat,
1099 1485 1149 1546 sed

81 1577 120 1633 1⁰
134 1571 275 1647 quicquid
298 1572 417 1631 videtur
439 1592 567 1647 sanasse,
589 1573 737 1632 medicina
760 1575 812 1633 est.
849 1593 908 1651 quo
931 1573 1026 1634 vullis
1050 1576 1148 1634 animo
1162 1595 1184 1636 11

133 1662 228 1720 feram
252 1661 330 1736 quod
354 1680 410 1735 ars,
434 1664 579 1737 quantum
602 1662 709 1736 11111111,
732 1663 855 1722 inventa
876 1681 932 1739 pro
956 1665 1030 1738 vitu,
1055 1666 1081 1724 si
1103 1663 1148 1725 dis

132 1752 240 1826 placet,
263 1752 474 1809 auctoritatem
496 1752 681 1826 formamque
705 1754 821 1827 captat,
848 1753 883 1809 ut
909 1751 998 1830 longe
1021 1755 1149 1813 ventura

133 1857 272 1915 suprema
293 1841 465 1915 prospiciat,
489 1842 524 1898 ut
547 1840 649 1900 adesse
672 1841 736 1898 fata
760 1840 915 1900 denuntiet
938 1860 1015 1916 quae
1034 1861 1089 1902 nec
1111 1844 1148 1901 li·

132 1932 259 2003 mentur,
283 1930 313 1987 et
335 1931 481 1988 maximae
504 1931 645 1988 scientiae
667 1947 737 2004 pars
761 1949 823 1989 esse
842 1931 940 2005 coepit
958 1949 1066 1989 sanare
1088 1950 1148 1990 non

132 2016 238 2095 posse?
276 2019 470 2093 quisquamne
490 2018 527 2077 ab
550 2017 669 2077 homine
688 2020 740 2093 qui
759 2018 856 2078 adhuc
875 2018 1020 2095 loquitur,
1043 2022 1147 2096 spirat,
1160 2041 1185 2081 11

131 2099 295 2189 intellegitf,
324 2109 366 2166 sic
393 2107 505 2166 recedit
530 2107 778 2182 quemadmodum
804 2108 986 2183 relinquitur
1012 2111 1148 2168 exanime

133 2215 246 2273 corpus,
270 2199 301 2255 et
318 2196 361 2254 ibi
379 2195 467 2256 finem
485 2198 566 2255 vitae
584 2196 712 2272 putabit,
731 2196 898 2273 ubicunque
917 2199 1062 2258 scientiae
1080 2197 1148 2259 sub·

132 2288 244 2345 stiterit
266 2283 444 2345 infirmitas?
480 2287 506 2345 si
528 2285 726 2363 fragilitatem
746 2287 940 2346 mortalitatis
958 2288 1148 2363 incertosque

132 2376 257 2434 velimus
281 2376 438 2434 aestimare
462 2392 559 2449 casus,
586 2373 763 2433 tantundem
789 2375 914 2451 periculi
936 2374 1029 2435 habet
1052 2378 1147 2437 omnis

133 2482 228 2542 aeger.
280 2465 501 2539 iniquissimum
533 2465 578 2523 est
610 2462 828 2539 desperationes
860 2466 975 2539 vocari,
1008 2468 1183 2540 quotiensas

131 2553 294 2611 remedium
321 2553 467 2611 medicina
495 2571 554 2610 non
585 2554 713 2628 invenit,
741 2556 772 2611 et
798 2555 952 2631 angustias
981 2555 1045 2614 sive
1074 2557 1148 2615 artis

132 2661 183 2700 seu
207 2643 314 2700 mentis
341 2641 488 2700 humanae
512 2641 552 2701 ad
577 2641 723 2700 invidiam
749 2642 860 2702 referre
883 2643 1023 2701 fatorum.
1071 2645 1148 2703 nihil

131 2733 226 2808 magis
254 2731 396 2789 interesse
420 2733 552 2790 omnium
574 2733 662 2806 puto,
687 2749 777 2806 quam
799 2732 834 2791 ut
856 2751 923 2807 spes
945 2751 1000 2807 pro
1026 2732 1147 2793 homine

204 2988 312 3057 lquiri
330 2999 358 3042 Ρ
415 2995 513 3044 'laute
532 2988 709 3059 sperantibus
728 3006 763 3043 er.
780 2988 815 3042 de
829 2999 861 3042 Μ
917 2989 1103 3045 tueritatem
1121 2999 1149 3045 Ι

133 3067 165 3113 10
185 3060 276 3114 nullos
296 3073 323 3114 e:
343 3059 436 3114 nullus
456 3083 478 3113 ω
557 3060 704 3114 antestites
727 3069 756 3114 V:
776 3061 894 3115 antistes
912 3070 983 3127 3113
1002 3061 1146 3118 1111111111

131 3145 168 3196 co
242 3134 464 3196 tamenztumc
545 3138 576 3186 11
597 3143 757 3200 quaerar
835 3137 868 3185 13
888 3131 1040 3187 dissimiles
1059 3142 1151 3189 11117

132 3264 165 3312 16
184 3203 344 3325 feralnquoid
362 3254 558 3327 1111111112)
626 3272 677 3323 pro
696 3255 810 3310 inventa
827 3255 875 3310 cod
892 3261 997 3327 trecop.
1015 3266 1037 3310 7
1101 3257 1145 3312 dis

131 3363 225 3432 placet
242 3372 271 3417 V:
291 3362 424 3432 displicet
441 3362 541 3430 reliqui
626 3368 659 3416 18
679 3379 829 3433 supprema
847 3373 874 3416 Β
951 3344 1102 3432 denuntidt
1119 3374 1148 3420 Ι

132 3476 165 3523 11
190 3435 327 3523 saltitem
348 3478 370 3521 v
446 3469 674 3535 rutatunde133
693 3470 809 3524 anaia
828 3480 855 3523 n
934 3487 1030 3526 omna
1049 3482 1077 3527 r

90 3541 295 3595 ’17111111
364 3545 398 3594 28
416 3539 508 3611 magis
526 3540 599 3595 nihil
617 3550 655 3608 n,
673 3546 824 3611 transpu-
