2408 3840
442 139 676 194 DECLAMATIO
695 141 729 195 Π.
1028 141 1093 205 359

76 310 150 368 ideo
176 309 295 368 videtur
321 310 399 385 quod
425 309 551 388 fingeret
581 329 611 369 se
644 310 845 369 dormientem.
888 311 967 385 quod
996 313 1096 370 autem

77 418 230 458 venenum
251 401 406 458 inventum
428 399 487 457 fuit
503 399 535 456 in
558 398 625 458 sinu
649 397 710 458 eius
729 402 759 458 et
781 398 897 476 gladius
921 402 1093 459 cruentatus

79 488 121 546 ad
144 490 234 563 caput
263 490 339 563 eius,
370 487 507 564 apposita
530 490 615 547 erant
638 488 702 564 ipso
729 490 887 564 ignorante
917 491 947 546 et
969 507 1029 547 non
1050 491 1095 548 vi-

81 577 185 649 dente,
214 595 282 636 cum
305 595 408 636 caecus
431 579 484 651 sit,
512 579 542 635 et
568 577 666 635 hoca
688 595 815 636 noverca
842 596 918 652 quae
942 596 1096 652 nunquam

50 665 242 728 sfilimtrum
260 665 362 743 diligit
378 665 556 725 naturaliter
578 666 630 724 sed
652 666 724 740 odit,
747 668 778 724 et
796 668 896 741 etiam,
916 668 951 724 ut
968 685 1022 742 per
1039 667 1095 726 hoc

81 755 134 813 ille
148 755 285 831 perderet
297 755 501 829 hereditatem,
520 756 634 830 etipsa
653 772 719 813 eam
732 754 861 813 haberet.
896 755 977 829 quod
995 758 1096 815 autem

82 862 186 903 caecus
209 845 419 921 interrogatus,
442 847 544 903 utrum
565 863 711 902 venenum
733 844 868 916 haberet,
896 846 1029 921 negavit,
1061 863 1096 902 ex

81 933 254 991 innocentia
277 935 338 992 eius
357 933 423 991 fuit.
470 933 549 1008 quod
571 934 673 990 autem
694 933 816 991 invento
838 935 871 990 in
894 933 960 993 sinu
983 952 1097 992 veneno

81 1023 284 1099 interrogatus
307 1023 355 1080 cui
377 1025 520 1097 parasset,
542 1024 676 1098 negavit,
700 1024 805 1097 stupor
827 1022 885 1079 fuit
908 1022 985 1081 sicut
1007 1021 1095 1080 homo

41 1133 69 1173 ro
83 1113 186 1187 stupet
214 1111 278 1170 risa
307 1129 339 1170 re
365 1111 533 1170 incredibili
556 1112 585 1169 et
612 1110 810 1169 inaestimata.
857 1112 984 1170 sienim
1008 1111 1096 1169 aliter

83 1203 174 1274 esset,
206 1219 266 1258 non
298 1199 453 1275 tacuisset3
487 1218 556 1257 nam
588 1201 717 1259 sentiens
747 1218 777 1258 se
809 1219 894 1258 reum
930 1201 1005 1259 solet
1036 1218 1095 1258 non
1182 1216 1183 1219 ’

82 1293 191 1362 tacere,
214 1288 314 1348 sedin
332 1289 426 1347 alium
444 1291 555 1348 crimen
573 1289 736 1347 refundere.
782 1309 875 1346 unum
895 1308 1006 1347 novum
1028 1307 1096 1348 reus

82 1397 178 1436 unum
203 1396 286 1436 reum
314 1380 344 1436 et
371 1380 476 1438 cetera.
518 1379 676 1453 praeterea
700 1378 846 1452 quomodo
872 1377 1026 1454 probabile
1052 1379 1097 1437 est

83 1466 165 1542 quod
187 1485 290 1526 caecus
311 1466 421 1526 diceret
447 1485 591 1526 novercae
619 1467 699 1541 quod
720 1467 886 1545 porrigeret
907 1468 988 1542 patri
1010 1485 1096 1525 vene·

43 1577 70 1618 rs
83 1575 168 1630 num,
192 1573 260 1614 oum
281 1557 408 1616 nesciret
430 1558 531 1614 utrum
552 1557 619 1631 ipsa
641 1555 732 1614 vellet
754 1557 810 1614 hoo
832 1557 942 1630 facere,
968 1555 1047 1630 quod
1071 1559 1097 1614 si

83 1645 191 1717 nollet,
228 1646 308 1720 patri
344 1645 519 1704 ostenderet.
561 1647 591 1703 et
611 1646 794 1719 praeterea,
835 1647 888 1719 qui
923 1646 1097 1720 procuravit

83 1733 192 1793 habere
215 1752 375 1808 venenum,
402 1736 472 1792 ante
500 1752 590 1808 quam
617 1733 706 1792 sciret
731 1736 834 1795 utrum
856 1752 984 1793 noverca
1006 1734 1098 1793 vellet

83 1822 161 1880 illud
196 1823 277 1898 patri
307 1821 386 1881 dare.
432 1825 462 1882 et
494 1824 660 1897 praeterea,
693 1822 760 1898 quis
791 1823 919 1882 confecit
950 1842 1097 1883 venenum

84 1929 181 1971 caeco.
229 1912 260 1970 et
289 1911 341 1986 qui
369 1912 476 1970 mulier
509 1930 568 1970 non
598 1911 683 1986 dicit,
723 1912 803 1986 quod
832 1912 1014 1986 inquiratur,
1045 1914 1097 1986 qui

44 2022 70 2062 ao
84 1999 206 2059 fuerimt
228 2000 417 2074 confectoree,
444 2000 502 2060 nisi
527 2002 598 2076 quia
622 2000 689 2075 ipsa
710 2000 787 2059 illud
810 2001 936 2060 confecit
957 2001 1006 2060 vel
1029 2018 1096 2059 con-

83 2088 135 2147 fici
163 2089 241 2148 fecit.
282 2091 435 2165 praeterea
465 2089 545 2164 quod
575 2108 677 2149 caecus
707 2091 844 2148 inventus
877 2091 922 2148 est
954 2091 1036 2148 stans
1066 2089 1097 2146 in

83 2178 188 2236 limine
211 2178 341 2236 cubiculi
363 2180 422 2251 sui,
449 2177 505 2237 hoc
528 2180 584 2252 est,
615 2180 687 2253 quia
710 2179 854 2237 excitatus
878 2179 916 2236 ad
939 2179 1097 2253 strepitum

84 2266 222 2326 auditum
244 2268 276 2325 in
299 2267 435 2326 cubiculo
457 2267 551 2343 patris
574 2266 661 2326 etad
683 2285 857 2326 concursum
878 2267 1011 2325 familiae
1034 2285 1096 2325 sur-

84 2358 203 2415 rexerat
225 2358 255 2414 et
277 2356 378 2415 stabat
400 2357 485 2432 quasi
508 2357 654 2415 attonitus
677 2360 707 2416 et
730 2358 850 2430 stupens
876 2356 914 2413 ad
937 2356 1097 2414 clamorem

45 2467 71 2506 ae
85 2447 117 2504 et
137 2448 262 2522 paratus
285 2463 352 2503 cum
375 2445 442 2505 aliis
465 2463 589 2519 currere,
612 2445 670 2504 nisi
692 2447 811 2503 timeret
833 2444 1049 2503 offendiculum.

157 2585 174 2633 4
187 2579 241 2632 hoc
248 2596 286 2632 ao
295 2578 385 2633 haec?
399 2588 430 2632 n
478 2585 510 2631 12
521 2581 746 2632 unum—cetera
756 2580 773 2633 l.
782 2582 829 2633 13:
839 2579 920 2633 cerba
929 2583 1099 2647 corruptrice

85 2651 152 2706 Icto
166 2651 285 2720 quodum
294 2649 453 2720 deprorapta
462 2667 516 2705 ease
529 2650 643 2705 coniecit
653 2651 785 2705 Hamowr
839 2655 872 2703 25
883 2652 914 2702 io
922 2650 1045 2719 mareiae
1054 2650 1098 2702 iu-

84 2723 185 2789 feriora
193 2737 301 2788 caecae,
310 2739 360 2776 eur
368 2737 464 2776 caecae
468 2728 577 2791 pacem
586 2738 642 2775 noo
652 2722 787 2787 occiderit,
796 2722 848 2775 boe
855 2723 947 2788 forma
957 2723 1098 2791 lecaciter:

85 2898 149 2935 cum
159 2880 546 2950 quiaprocuravitvenenum,
556 2883 708 2950 antequam
718 2880 801 2934 sciret
811 2881 917 2949 anipsa
927 2879 1012 2934 vellet
1022 2879 1097 2934 dare.

85 2969 149 3036 cum
163 2951 226 3035 quis
241 2952 362 3007 confecit
374 2969 512 3007 venenum
527 2968 618 3020 caeco,
633 2954 662 3006 et
675 2968 762 3021 quare
775 2951 837 3021 ipsa
851 2969 908 3005 non
921 2950 982 3005 vult
996 2950 1031 3004 de
1045 2951 1099 3004 hoc
1186 3007 1187 3010 ,

84 3041 171 3165 qulddl
171 3041 348 3149 1iidl'obiecte
365 3094 448 3163 quod
458 3111 596 3148 venenum
614 3093 644 3146 in
667 3094 730 3148 sinu
749 3095 778 3147 et
800 3092 912 3164 gladius
934 3094 1096 3147 cruentatus

120 3167 151 3219 in
165 3165 248 3233 lecto,
262 3166 332 3220 haec
345 3167 478 3236 apposita
488 3168 537 3235 (an
551 3166 700 3235 opposita),
715 3166 783 3234 quia
797 3181 895 3218 caecus
911 3166 966 3218 eta
980 3179 1098 3219 noverca

120 3236 289 3291 naturaliter
307 3237 420 3292 odiente
439 3238 468 3292 et
485 3238 521 3292 ob
545 3237 731 3292 hereditatem
752 3235 920 3290 habendam.

85 3326 150 3363 cum
167 3308 356 3378 interrogatus
374 3308 465 3362 tacuit
485 3325 520 3362 ex
538 3309 706 3362 innocentia.
739 3324 806 3363 nam
823 3324 886 3361 reus
905 3325 993 3361 unum
1010 3323 1097 3360 reum.

85 3397 150 3462 oum
169 3379 200 3432 in
217 3378 315 3433 limine
334 3380 383 3448 qui
401 3380 539 3435 excitatus
559 3379 636 3452 quod
649 3379 786 3451 strepitus
804 3381 836 3434 et
852 3380 974 3447 stupens
987 3379 1116 3443 param

70 3453 337 3587 btbddbtpdeldggdbdeta.
