2408 3840
377 156 610 212 DECLAMATIO
630 157 680 211 XII
695 163 771 212 5-7.
1013 158 1079 222 223

132 327 194 386 Nos
216 329 336 386 interim
362 329 465 386 coacta
486 329 584 402 primo
608 347 643 386 ex
666 325 744 403 agris
772 344 879 401 peoora
902 326 1078 401 diripuimus

65 406 104 492 e't,
127 436 164 476 ne
182 418 307 475 ventum
326 416 433 476 saltem
452 435 529 475 anno
548 416 678 493 prospici
695 418 805 490 posset,
827 435 886 474 non
905 416 1078 491 reliquimus

64 505 117 580 qui
141 507 276 580 ararent,
302 505 400 564 boves.
446 504 507 564 iam
532 507 624 564 servis
651 506 738 582 fugas
765 504 990 579 imperavimus,
1017 507 1079 563 iam

64 594 290 671 procumbentes
310 597 378 652 ante
397 594 503 653 limina
520 594 690 670 principum
708 611 853 670 pauperes
871 596 903 652 in
921 595 994 670 ipsis
1012 614 1079 670 pre-

37 683 148 744 scibus
177 685 320 760 expirant.
366 683 553 758 plorantibus
581 683 682 741 liberis
709 682 843 760 legatum
865 683 1077 758 promittimus.

62 773 125 832 iam
153 773 273 830 tantum
300 772 356 831 sibi
384 773 509 848 quisque
536 791 607 831 cura
639 774 690 831 est.
736 771 812 829 nibil
842 773 944 830 tamen
972 772 1078 830 horum

62 862 157 920 etiam
180 859 311 919 nuncin
333 861 478 919 invidiam
500 862 594 937 legati
616 879 732 937 queror,
756 861 852 920 adhue
873 863 956 936 prior
975 879 1078 919 cursus

63 954 118 1010 est
154 951 297 1008 haetenus
315 952 417 1008 nostra
435 951 515 1008 mala
538 951 672 1024 tulimus,
694 952 727 1008 in
744 949 860 1026 reliqua
882 951 999 1027 legatus
1022 968 1075 1008 nos
1097 953 1111 1006 7

62 1039 192 1098 vicarios
216 1039 305 1098 dedit.
342 1039 368 1098 si
392 1039 552 1115 quicquam
574 1039 631 1098 tibi
653 1039 777 1097 humani
799 1040 953 1116 sanguinis
976 1056 1076 1113 super-

25 1149 50 1188 11
63 1129 118 1202 est,
141 1129 201 1187 nisi
218 1128 312 1186 nimia
330 1130 488 1186 saturitate
507 1129 622 1187 alienae
640 1128 778 1186 fortunae
797 1129 940 1205 cogitatio
960 1126 1077 1201 excidit,

63 1217 179 1293 respice
197 1218 312 1294 patriae
332 1235 440 1293 casum,
463 1218 577 1293 respice
595 1219 801 1294 gravissimam
824 1218 983 1275 fortunam.
1022 1217 1076 1274 mi-

64 1308 123 1365 seri
144 1308 176 1364 te
199 1307 344 1379 misimus,
367 1308 524 1381 expectant
546 1306 653 1381 pallidi
676 1323 898 1384 exsanguesque
921 1307 1000 1365 cives
1023 1306 1077 1381 tui,

63 1397 94 1454 et
118 1394 262 1471 quioquid
285 1395 409 1453 extremi
431 1395 553 1471 spiritus
572 1395 668 1454 adhuc
686 1398 828 1470 superest,
851 1413 903 1471 spe
921 1397 968 1453 tui
985 1394 1077 1453 trahi-

61 1487 121 1543 tur.
158 1483 255 1562 figura
276 1483 333 1543 tibi
352 1501 452 1543 exesos
470 1485 581 1558 vultus,
604 1483 819 1543 decrescentem
839 1485 994 1560 populum,
1015 1485 1077 1542 iam

27 1591 50 1633 11
61 1575 269 1649 praemortuas
292 1574 378 1631 vires.
424 1575 660 1649 necquicquam
686 1573 791 1631 horum
818 1576 903 1649 potes
930 1574 1077 1652 ignorare,

63 1662 89 1721 si
114 1662 187 1738 quid
209 1661 266 1720 tibi
289 1661 447 1736 oredimus,
475 1661 553 1721 fame
581 1661 767 1721 laborantem
790 1663 942 1721 civitatem
965 1661 1076 1721 vidisti.

10 1800 12 1809 .
62 1751 183 1824 festina,
197 1750 267 1808 dum
281 1751 440 1826 supersunt
454 1751 560 1826 quibus
573 1752 754 1829 legationem
768 1751 929 1810 renunties.
958 1751 1076 1825 festina,

63 1839 134 1898 dum
156 1841 235 1899 mori
257 1840 398 1899 ultimum
420 1843 471 1899 est.
517 1841 666 1899 frumento
691 1840 774 1917 digni
797 1858 905 1899 sumus.
948 1842 1022 1916 quid
1044 1841 1076 1898 in

62 1948 117 1989 nos
147 1928 295 1988 convertis
327 1930 417 1987 etiam
450 1929 565 1988 alienae
594 1929 726 1988 civitatis
755 1928 884 1988 famem?
930 1932 1075 2005 quatenus

30 2017 148 2077 anobis
168 2017 401 2093 computandum
424 2022 481 2078 est:
504 2022 626 2094 propter
648 2021 678 2076 te
701 2018 825 2093 duplum
847 2019 921 2077 mali
943 2018 1074 2076 tulimus,

63 2109 97 2165 tu
120 2125 212 2182 supra
234 2107 415 2165 frumentum
437 2107 589 2182 publicum
612 2107 713 2166 stertis
736 2110 767 2166 et
790 2108 884 2167 omnis
908 2107 998 2164 maris
1021 2107 1074 2164 cir·

63 2199 235 2255 cumveetus
258 2214 324 2254 oras
347 2196 436 2253 litora
459 2198 621 2272 portusque
646 2197 805 2272 cognoscis.
843 2198 878 2253 tu
900 2197 979 2254 inter
1002 2195 1074 2253 duas

63 2285 203 2344 civitates
229 2284 361 2350 fatorum
389 2285 507 2359 arbiter,
535 2285 650 2344 alienae
678 2285 821 2358 eonditor,
852 2287 922 2343 tuae
950 2302 1075 2357 eversor,

63 2374 192 2432 salutem
205 2374 339 2431 nostram
356 2374 519 2456 peregrinis
533 2373 685 2432 admetiris
703 2377 734 2431 et
752 2363 880 2431 secunda
898 2374 1075 2448 tempestate

35 2463 96 2520 sin
127 2463 258 2538 patriam
289 2462 403 2520 ferente
435 2465 599 2522 contrarios
628 2465 731 2521 ventos
764 2464 894 2538 exoptas.
939 2481 993 2521 nos
1023 2481 1076 2537 per

65 2554 181 2609 arentes
204 2549 288 2608 effusi
312 2569 430 2626 campos
452 2553 643 2611 morientium
672 2551 831 2609 herbarum
853 2550 968 2610 radices
990 2551 1074 2610 velli-

64 2658 138 2714 mus,
161 2640 257 2698 omnis
280 2640 393 2699 radices
412 2640 558 2716 vellimus,
581 2659 615 2699 eo
634 2640 753 2716 quidem
772 2641 887 2715 fortine,
909 2642 945 2698 ut
967 2641 993 2699 si
1010 2640 1076 2698 fieri

133 2896 354 2967 arelinquimus
372 2907 424 2951 BV
438 2900 467 2967 (n
486 2898 579 2966 11111)
640 2897 762 2951 3bovus
780 2908 815 2965 Β,
833 2909 934 2953 corae
999 2898 1075 2952 711-

62 2969 168 3024 vidiam
187 2969 309 3040 elegati
327 2979 355 3022 B
439 2974 471 3023 10
490 2969 617 3022 miniav
703 2969 795 3024 excidi
813 2979 847 3038 B,
866 2972 879 3023 t
896 2981 1004 3040 supet

63 3047 95 3095 13
113 3040 159 3095 tui
178 3039 349 3095 11111123
407 3045 439 3093 15
459 3039 598 3108 quidquid
617 3049 644 3092 P
694 3042 789 3109 potest
805 3051 833 3094 B
889 3040 1074 3096 1711111111-

61 3112 187 3167 nandum
205 3121 246 3165 Vl
305 3117 338 3164 18
354 3118 417 3181 pest
434 3114 477 3165 est
495 3111 559 3166 edd.
579 3093 696 3184 festinat
723 3113 791 3166 dum
818 3115 945 3181 superest
972 3112 1074 3182 quibus
1136 3177 1140 3186 Ι

60 3182 233 3253 legationem
254 3183 397 3236 renunties
415 3193 453 3250 113
478 3182 670 3237 festinandum
693 3184 837 3253 supergest
860 3187 883 3253 (s
902 3186 948 3253 er.)
972 3183 1074 3253 quibus

61 3254 233 3326 legationem
251 3254 393 3307 renunties
412 3264 433 3306 V
484 3260 516 3307 21
537 3270 622 3322 supra
640 3267 720 3318 oens
773 3254 1026 3324 1111)]11111111177

62 3335 230 3390 11111711
299 3326 468 3380 eiroovectus
487 3335 514 3378 Ρ
593 3331 626 3378 22
645 3326 728 3379 horas
747 3336 768 3378 v
843 3325 987 3396 cognoscit
1004 3335 1026 3377 v

62 3404 94 3451 23
113 3397 247 3450 adversor
264 3406 296 3450 Μ
366 3402 399 3450 24
417 3397 653 3466 peregrinationis
671 3407 730 3451 ΒΜ
799 3396 944 3451 admeritis
962 3407 1001 3463 113
1025 3396 1074 3450 ad-

62 3469 143 3524 metis
158 3478 191 3522 Μ
242 3472 275 3520 25
294 3467 401 3522 ferente
421 3480 448 3521 s:
467 3467 589 3523 ferentes
607 3468 667 3537 <sis
683 3471 724 3538 11)
740 3491 774 3535 ως
793 3469 914 3522 ferentes
932 3467 1040 3522 habens
1059 3479 1075 3520 s

63 3545 93 3593 27
112 3540 204 3595 omnis
222 3538 331 3594 radices
349 3539 476 3594 vellimus
495 3549 607 3608 111111
