2408 3840
353 157 658 217 DECLAMATIONES
676 159 722 212 XI.
741 159 800 214 XII.
1015 159 1082 225 375

67 326 120 388 sed
146 326 222 386 nihil
248 326 406 387 habuimus
434 347 492 404 quo
520 330 685 388 viveremus
717 331 835 404 praeter
863 329 981 388 famem.
1027 348 1081 388 nec

66 420 170 477 tamen
198 416 230 474 in
258 418 359 475 totum
388 417 473 492 queri
502 417 538 476 de
567 417 737 477 numinibus
767 436 931 494 possumus.
978 420 1005 477 si
1029 437 1080 478 vo·

66 506 173 566 luisset
201 524 318 566 servare
346 506 464 583 legatus
492 505 571 565 diem
599 526 686 583 quem
714 507 760 565 illi
783 506 911 566 felicitas
938 509 1080 582 temporis

67 595 198 669 dederat,
216 595 316 670 potuit
334 595 418 654 nobis
436 594 618 656 frumentum
636 595 682 655 bis
701 596 815 655 afferre.
856 596 891 654 de
909 597 1080 674 regionibus

37 687 97 744 set
119 683 254 742 finitimis
273 683 444 746 civitatibus
463 685 605 743 ultimum
622 683 683 744 iam
701 685 785 744 nobis
805 687 870 744 erat
888 686 1080 760 praesidium,

66 792 136 833 cum
157 774 219 832 iam
242 792 344 832 eorum
366 774 455 832 exilia
480 772 560 833 bona
588 775 826 834 vastavisscmus.
873 776 937 832 erat
960 770 1085 851 quidem

66 862 150 923 aliud
171 864 205 921 in
226 863 325 921 vicino
348 862 444 921 adhuc
470 861 625 937 frumenti,
653 863 704 922 sed
725 863 787 921 iam
814 881 900 922 nemo
924 864 1079 923 vendebat.

66 970 147 1029 ergo,
170 953 205 1010 ut
227 950 355 1012 vidimus
378 951 506 1011 salutem
527 951 678 1026 publicam
701 955 784 1012 trans
807 972 889 1011 mare
911 954 1079 1027 petendam,

65 1058 168 1100 omnes
190 1041 223 1099 in
246 1041 359 1099 curiam
377 1042 499 1099 currunt
517 1044 547 1099 et
565 1044 784 1118 congregantur
800 1041 1004 1102 inclamantes.
1045 1045 1080 1102 ut

27 1149 52 1191 rc
65 1149 151 1188 arma
172 1128 259 1204 bello,
282 1132 317 1188 ut
335 1148 414 1204 aqua
435 1129 571 1190 incendio
590 1131 746 1189 inclamari
767 1130 885 1206 publice
908 1131 1012 1205 solent,
1035 1133 1080 1190 ita

64 1237 237 1280 succursum
254 1218 425 1278 inclamant.
466 1219 648 1296 legationem
666 1220 754 1278 multi
772 1220 1002 1296 pollicebantur3
1024 1240 1079 1280 nec

63 1307 252 1367 innocentiae
275 1326 364 1367 causa
390 1308 439 1367 vel
461 1308 575 1368 meritis
603 1310 660 1368 istc
688 1310 798 1368 electus
821 1313 879 1385 est3
906 1328 966 1367 una
989 1328 1079 1369 causa

63 1415 119 1458 nos
142 1397 245 1470 movit,
268 1397 347 1472 quod
365 1415 395 1456 se
415 1399 474 1456 cito
492 1397 658 1456 rediturum
675 1397 880 1473 pollicebatur.
921 1401 1079 1474 pecuniam

64 1487 128 1545 sine
157 1504 278 1545 numero
308 1485 483 1561 infudimus,
512 1487 694 1546 frumentum
722 1488 784 1546 sine
813 1488 901 1546 modo
924 1489 1078 1547 mandavi·

28 1594 50 1637 a
63 1594 140 1649 mus,
159 1577 304 1650 quantum
321 1577 476 1650 potuisset,
499 1575 625 1650 afferret,
647 1577 751 1650 solum,
771 1579 805 1635 ut
822 1578 985 1636 festinaret.
1022 1579 1078 1638 hoe

62 1683 124 1722 una
149 1683 220 1723 voce
248 1664 394 1740 supplices
420 1665 657 1724 acclamabamus
683 1684 731 1741 ac,
758 1685 795 1724 ne
818 1685 1002 1726 moraremur
1023 1686 1078 1727 nec

61 1753 119 1812 hcc
143 1752 262 1828 quidem
285 1753 336 1811 diu
363 1754 542 1831 rogavimus.
583 1773 643 1813 una
672 1757 791 1813 tantum
820 1775 878 1814 vox
900 1755 972 1814 fuit:
1002 1756 1078 1814 nihil

62 1843 129 1920 agis
160 1841 308 1901 afferendo
342 1843 537 1917 frumentum,
573 1845 600 1903 si
628 1846 697 1919 post
728 1845 814 1902 illum
844 1844 922 1903 diem
952 1845 1075 1904 veneris.

60 1931 173 1990 nostris
202 1931 338 1990 manibus
365 1932 499 2008 legatum
524 1935 557 1990 in
579 1950 687 1991 navem
715 1933 884 2008 intulimus,
912 1935 1077 1992 retinacula

22 2037 48 2081 ae
62 2019 150 2078 navis
172 2019 329 2079 incidimus
352 2023 383 2079 et
405 2021 477 2080 litus
500 2022 626 2100 ingressi
644 2023 767 2081 classem
789 2022 916 2098 publicis
939 2023 1076 2082 manibus

61 2107 244 2183 impulimus.
278 2109 448 2168 clamabant
462 2130 477 2168 e
492 2112 579 2170 litore
593 2111 679 2186 pueri
692 2111 800 2170 nostri:
824 2111 896 2169 affer
910 2111 995 2169 nobis
1015 2113 1075 2170 cito

60 2215 184 2273 panem,
211 2198 328 2273 publice
355 2201 448 2273 pater.
502 2200 594 2259 oculis
622 2201 731 2260 nostris
759 2201 924 2276 fugientem
951 2199 1076 2259 classem

61 2286 277 2362 conspeximus,
295 2287 415 2346 facilem
429 2290 617 2364 emptionem,
634 2289 776 2348 secundos
790 2292 903 2362 ventos,
921 2289 1076 2364 placidum

60 2393 157 2452 mare,
183 2394 218 2434 ae
241 2377 266 2435 si
288 2377 348 2451 ipsi
369 2379 593 2455 navigaremus,
620 2378 735 2453 precati
756 2396 866 2437 sumus.
913 2379 1013 2436 omnia
1036 2379 1075 2436 si-

19 2484 47 2526 as
63 2463 185 2539 quidem
214 2483 233 2522 a
263 2465 319 2524 diis
348 2467 588 2541 impetravimus,
618 2487 711 2524 unum
739 2467 835 2525 solum
864 2468 1011 2543 superest,
1041 2470 1076 2526 ut

61 2572 116 2629 pro
145 2553 243 2612 aliena
273 2555 395 2615 civitate
425 2556 496 2614 vcta
526 2557 687 2615 solvantur.
734 2558 793 2615 cito
824 2557 903 2615 enim
929 2557 1074 2631 pervenit,

61 2643 121 2701 cito
154 2642 239 2717 emit,
271 2645 330 2702 cito
359 2643 450 2703 rediit
479 2663 538 2720 quo
570 2645 673 2704 voluit.
724 2639 828 2723 alia[s]
860 2645 965 2704 civitas
992 2647 1075 2720 prior

60 2731 133 2805 fuit,
161 2735 191 2790 et
212 2732 330 2810 legatus
353 2733 432 2792 diem
455 2737 599 2809 expectat.
640 2752 693 2793 nos
720 2734 816 2809 primo
843 2753 951 2809 pecora
972 2738 1075 2794 nostra

60 2820 241 2880 comedimus
271 2824 301 2880 et
328 2840 381 2880 nec
410 2825 536 2882 venturo
564 2841 641 2882 anno
673 2823 847 2898 reliquimus
876 2825 928 2899 qui
955 2827 1076 2883 ararent

18 2929 45 2970 ac
58 2909 158 2969 boves.
203 2912 265 2968 iam
288 2913 381 2970 servis
402 2911 506 2988 fugam
523 2913 743 2989 imperavimus,
766 2912 827 2970 iam
849 2912 1077 2987 procumbentes¹

59 3000 130 3057 ante
159 2999 264 3058 limina
294 3001 463 3077 principum
491 3020 636 3078 pauperes
666 3003 697 3059 in
728 3002 801 3076 ipsis
829 3001 964 3075 precibus
993 3004 1073 3077 expi-

57 3090 137 3146 rant.
189 3088 376 3163 plorantibus
408 3089 509 3149 liberis
539 3091 672 3168 legatum
701 3091 912 3165 promittimus.
966 3092 1073 3167 cogita,

58 3175 180 3252 perfide,
198 3178 303 3254 populi
318 3196 426 3252 casum,
446 3180 600 3238 considera
613 3180 715 3238 vultus
728 3178 857 3253 pallidos
872 3180 902 3236 et
916 3197 1072 3255 exangues

59 3265 132 3325 affer
153 3265 239 3326 nobis
262 3266 294 3324 in
317 3266 442 3327 confinio
470 3269 578 3327 saltem
600 3267 680 3327 vitae
709 3268 900 3325 frumentum.
947 3267 1018 3343 quid
1041 3267 1074 3326 in

16 3374 43 3417 re
58 3373 113 3414 nos
136 3356 285 3415 convertis
311 3359 341 3414 et
368 3357 430 3415 iam
459 3358 574 3417 alienae
602 3358 735 3418 civitatis
762 3357 883 3415 famem.
925 3358 967 3413 tu
983 3375 1085 3428 supra⁴

113 3541 150 3587 20
163 3537 272 3604 pulicis
289 3551 327 3596 Μ
