<?xml version="1.0" encoding="UTF-8"?>
<!DOCTYPE html PUBLIC "-//W3C//DTD XHTML 1.0 Transitional//EN"
    "http://www.w3.org/TR/xhtml1/DTD/xhtml1-transitional.dtd">
<html xmlns="http://www.w3.org/1999/xhtml" xml:lang="en" lang="en">
 <head>
  <title>
</title>
<meta http-equiv="Content-Type" content="text/html;charset=utf-8" />
  <meta name='ocr-system' content='tesseract 3.04.00' />
  <meta name='ocr-capabilities' content='ocr_page ocr_carea ocr_par ocr_line ocrx_word'/>
</head>
<body>
  <div class='ocr_page' id='page_1' title='image "./qvintilianiqvae01quingoog_0104.png"; bbox 0 0 2408 3840; ppageno 0'>
   <div class='ocr_carea' id='block_1_1' title="bbox 372 106 1068 174">
    <p class='ocr_par' dir='ltr' id='par_1_1' title="bbox 372 106 1068 174">
     <span class='ocr_line' id='line_1_1' title="bbox 372 106 1068 174; baseline 0.001 -13"><span class='ocrx_word' id='word_1_1' title='bbox 372 106 605 162; x_wconf 80' lang='lat' dir='ltr'><strong>DECLAMATIO</strong></span> <span class='ocrx_word' id='word_1_2' title='bbox 623 108 663 162; x_wconf 89' lang='lat' dir='ltr'>IV</span> <span class='ocrx_word' id='word_1_3' title='bbox 678 115 754 163; x_wconf 81' lang='lat'><strong>1-3.</strong></span> <span class='ocrx_word' id='word_1_4' title='bbox 1024 109 1068 174; x_wconf 84' lang='lat'>69</span> 
     </span>
    </p>
   </div>
   <div class='ocr_carea' id='block_1_2' title="bbox 10 275 1103 2489">
    <p class='ocr_par' dir='ltr' id='par_1_2' title="bbox 10 275 1103 2489">
     <span class='ocr_line' id='line_1_2' title="bbox 52 275 1070 358; baseline 0.001 -22"><span class='ocrx_word' id='word_1_5' title='bbox 52 279 191 358; x_wconf 66' lang='lat' dir='ltr'>murtam</span> <span class='ocrx_word' id='word_1_6' title='bbox 228 275 317 336; x_wconf 84' lang='lat' dir='ltr'>fidem</span> <span class='ocrx_word' id='word_1_7' title='bbox 335 279 473 351; x_wconf 83' lang='lat' dir='ltr'>vestram,</span> <span class='ocrx_word' id='word_1_8' title='bbox 496 276 528 334; x_wconf 93' lang='lat' dir='ltr'>P.</span> <span class='ocrx_word' id='word_1_9' title='bbox 549 275 590 351; x_wconf 85' lang='lat' dir='ltr'>O.,</span> <span class='ocrx_word' id='word_1_10' title='bbox 611 297 648 336; x_wconf 86' lang='lat' dir='ltr'>ne</span> <span class='ocrx_word' id='word_1_11' title='bbox 668 276 740 353; x_wconf 84' lang='lat' dir='ltr'>quid</span> <span class='ocrx_word' id='word_1_12' title='bbox 758 279 887 352; x_wconf 83' lang='lat' dir='ltr'>amplius</span> <span class='ocrx_word' id='word_1_13' title='bbox 905 278 940 337; x_wconf 82' lang='lat' dir='ltr'>de</span> <span class='ocrx_word' id='word_1_14' title='bbox 958 279 1070 339; x_wconf 89' lang='lat' dir='ltr'>misera</span> 
     </span>
     <span class='ocr_line' id='line_1_3' title="bbox 55 366 1068 442; baseline 0.004 -18"><span class='ocrx_word' id='word_1_15' title='bbox 55 367 170 441; x_wconf 76' lang='lat' dir='ltr'>pietate</span> <span class='ocrx_word' id='word_1_16' title='bbox 193 366 326 442; x_wconf 81' lang='lat' dir='ltr'>speretis.</span> <span class='ocrx_word' id='word_1_17' title='bbox 364 366 415 441; x_wconf 88' lang='lat' dir='ltr'>qui</span> <span class='ocrx_word' id='word_1_18' title='bbox 437 368 514 425; x_wconf 86' lang='lat' dir='ltr'>mari</span> <span class='ocrx_word' id='word_1_19' title='bbox 532 366 610 440; x_wconf 86' lang='lat' dir='ltr'>uolo,</span> <span class='ocrx_word' id='word_1_20' title='bbox 632 385 669 424; x_wconf 86' lang='lat' dir='ltr'>ne</span> <span class='ocrx_word' id='word_1_21' title='bbox 687 367 881 442; x_wconf 77' lang='lat' dir='ltr'>parricidium</span> <span class='ocrx_word' id='word_1_22' title='bbox 900 367 1068 442; x_wconf 72' lang='lat' dir='ltr'>admittens,</span> 
     </span>
     <span class='ocr_line' id='line_1_4' title="bbox 57 454 1067 532; baseline 0.002 -18"><span class='ocrx_word' id='word_1_23' title='bbox 57 473 119 514; x_wconf 77' lang='lat' dir='ltr'>uon</span> <span class='ocrx_word' id='word_1_24' title='bbox 142 455 279 529; x_wconf 82' lang='lat' dir='ltr'>invenio,</span> <span class='ocrx_word' id='word_1_25' title='bbox 302 454 549 530; x_wconf 82' lang='lat' dir='ltr'>quemadmodum</span> <span class='ocrx_word' id='word_1_26' title='bbox 570 454 647 513; x_wconf 82' lang='lat' dir='ltr'>iilud</span> <span class='ocrx_word' id='word_1_27' title='bbox 668 457 781 532; x_wconf 87' lang='lat' dir='ltr'>possim</span> <span class='ocrx_word' id='word_1_28' title='bbox 805 472 865 514; x_wconf 88' lang='lat' dir='ltr'>non</span> <span class='ocrx_word' id='word_1_29' title='bbox 887 457 984 516; x_wconf 84' lang='lat' dir='ltr'>faeere</span> <span class='ocrx_word' id='word_1_30' title='bbox 1006 459 1067 516; x_wconf 82' lang='lat' dir='ltr'>ria·</span> 
     </span>
     <span class='ocr_line' id='line_1_5' title="bbox 56 544 1071 620; baseline 0.001 -16"><span class='ocrx_word' id='word_1_31' title='bbox 56 546 151 604; x_wconf 72' lang='lat' dir='ltr'>turus</span> <span class='ocrx_word' id='word_1_32' title='bbox 203 562 274 603; x_wconf 90' lang='lat' dir='ltr'>nam</span> <span class='ocrx_word' id='word_1_33' title='bbox 306 544 384 619; x_wconf 82' lang='lat' dir='ltr'>quod</span> <span class='ocrx_word' id='word_1_34' title='bbox 416 544 454 603; x_wconf 78' lang='lat' dir='ltr'>ad</span> <span class='ocrx_word' id='word_1_35' title='bbox 485 546 603 620; x_wconf 84' lang='lat' dir='ltr'>patrem</span> <span class='ocrx_word' id='word_1_36' title='bbox 634 546 765 620; x_wconf 82' lang='lat' dir='ltr'>pertinet</span> <span class='ocrx_word' id='word_1_37' title='bbox 797 546 849 620; x_wconf 86' lang='lat' dir='ltr'>qui</span> <span class='ocrx_word' id='word_1_38' title='bbox 879 563 928 604; x_wconf 89' lang='lat' dir='ltr'>me</span> <span class='ocrx_word' id='word_1_39' title='bbox 958 547 1071 605; x_wconf 86' lang='lat' dir='ltr'>retinet</span> 
     </span>
     <span class='ocr_line' id='line_1_6' title="bbox 27 633 1068 712; baseline -0.002 -16"><span class='ocrx_word' id='word_1_40' title='bbox 27 634 158 696; x_wconf 75' lang='lat' dir='ltr'>trivere</span> <span class='ocrx_word' id='word_1_41' title='bbox 187 633 352 708; x_wconf 85' lang='lat' dir='ltr'>uolentem,</span> <span class='ocrx_word' id='word_1_42' title='bbox 377 651 437 693; x_wconf 86' lang='lat' dir='ltr'>nou</span> <span class='ocrx_word' id='word_1_43' title='bbox 463 634 556 692; x_wconf 88' lang='lat' dir='ltr'>miror</span> <span class='ocrx_word' id='word_1_44' title='bbox 584 633 663 709; x_wconf 87' lang='lat' dir='ltr'>quod</span> <span class='ocrx_word' id='word_1_45' title='bbox 690 633 787 692; x_wconf 86' lang='lat' dir='ltr'>adhue</span> <span class='ocrx_word' id='word_1_46' title='bbox 812 635 925 693; x_wconf 83' lang='lat' dir='ltr'>reaenti</span> <span class='ocrx_word' id='word_1_47' title='bbox 954 635 1068 712; x_wconf 83' lang='lat' dir='ltr'>gloriae</span> 
     </span>
     <span class='ocr_line' id='line_1_7' title="bbox 53 721 1067 799; baseline 0.001 -17"><span class='ocrx_word' id='word_1_48' title='bbox 53 724 178 782; x_wconf 78' lang='lat' dir='ltr'>nostrae</span> <span class='ocrx_word' id='word_1_49' title='bbox 200 721 311 799; x_wconf 81' lang='lat' dir='ltr'>gaudio</span> <span class='ocrx_word' id='word_1_50' title='bbox 333 724 436 798; x_wconf 83' lang='lat' dir='ltr'>stupet</span> <span class='ocrx_word' id='word_1_51' title='bbox 452 725 483 781; x_wconf 88' lang='lat' dir='ltr'>et</span> <span class='ocrx_word' id='word_1_52' title='bbox 499 723 531 780; x_wconf 85' lang='lat' dir='ltr'>in</span> <span class='ocrx_word' id='word_1_53' title='bbox 550 740 640 797; x_wconf 87' lang='lat' dir='ltr'>opera</span> <span class='ocrx_word' id='word_1_54' title='bbox 657 741 726 782; x_wconf 85' lang='lat' dir='ltr'>mea</span> <span class='ocrx_word' id='word_1_55' title='bbox 742 725 823 782; x_wconf 84' lang='lat' dir='ltr'>totus</span> <span class='ocrx_word' id='word_1_56' title='bbox 842 723 935 783; x_wconf 87' lang='lat' dir='ltr'>oeulis</span> <span class='ocrx_word' id='word_1_57' title='bbox 954 724 1067 783; x_wconf 83' lang='lat' dir='ltr'>auimo-</span> 
     </span>
     <span class='ocr_line' id='line_1_8' title="bbox 55 810 1066 888; baseline -0.001 -18"><span class='ocrx_word' id='word_1_58' title='bbox 55 830 114 887; x_wconf 79' lang='lat' dir='ltr'>que</span> <span class='ocrx_word' id='word_1_59' title='bbox 146 828 305 871; x_wconf 74' lang='lat' dir='ltr'>censemus</span> <span class='ocrx_word' id='word_1_60' title='bbox 336 810 516 886; x_wconf 78' lang='lat' dir='ltr'>parricidam</span> <span class='ocrx_word' id='word_1_61' title='bbox 543 830 603 870; x_wconf 84' lang='lat' dir='ltr'>non</span> <span class='ocrx_word' id='word_1_62' title='bbox 629 811 714 870; x_wconf 81' lang='lat' dir='ltr'>videt</span> <span class='ocrx_word' id='word_1_63' title='bbox 740 831 795 888; x_wconf 88' lang='lat' dir='ltr'>per</span> <span class='ocrx_word' id='word_1_64' title='bbox 821 813 919 870; x_wconf 85' lang='lat' dir='ltr'>virum</span> <span class='ocrx_word' id='word_1_65' title='bbox 950 812 1066 871; x_wconf 84' lang='lat' dir='ltr'>fortem.</span> 
     </span>
     <span class='ocr_line' id='line_1_9' title="bbox 53 899 1071 977; baseline 0.001 -18"><span class='ocrx_word' id='word_1_66' title='bbox 53 900 105 959; x_wconf 83' lang='lat' dir='ltr'>irie</span> <span class='ocrx_word' id='word_1_67' title='bbox 128 901 175 959; x_wconf 87' lang='lat' dir='ltr'>est</span> <span class='ocrx_word' id='word_1_68' title='bbox 198 900 390 975; x_wconf 82' lang='lat' dir='ltr'>animusque</span> <span class='ocrx_word' id='word_1_69' title='bbox 413 919 460 959; x_wconf 88' lang='lat' dir='ltr'>me</span> <span class='ocrx_word' id='word_1_70' title='bbox 484 901 619 976; x_wconf 88' lang='lat' dir='ltr'>quamvis</span> <span class='ocrx_word' id='word_1_71' title='bbox 638 899 846 959; x_wconf 81' lang='lat' dir='ltr'>denuntiatum</span> <span class='ocrx_word' id='word_1_72' title='bbox 868 900 1071 977; x_wconf 51' lang='lat' dir='ltr'>praedictum-¹</span> 
     </span>
     <span class='ocr_line' id='line_1_10' title="bbox 55 988 1067 1065; baseline 0.002 -17"><span class='ocrx_word' id='word_1_73' title='bbox 55 1007 116 1064; x_wconf 88' lang='lat' dir='ltr'>que</span> <span class='ocrx_word' id='word_1_74' title='bbox 137 990 283 1063; x_wconf 82' lang='lat' dir='ltr'>servavit,</span> <span class='ocrx_word' id='word_1_75' title='bbox 310 991 345 1048; x_wconf 82' lang='lat' dir='ltr'>et</span> <span class='ocrx_word' id='word_1_76' title='bbox 362 1008 430 1048; x_wconf 83' lang='lat' dir='ltr'>eum</span> <span class='ocrx_word' id='word_1_77' title='bbox 455 990 578 1049; x_wconf 82' lang='lat' dir='ltr'>incertis</span> <span class='ocrx_word' id='word_1_78' title='bbox 604 988 701 1048; x_wconf 83' lang='lat' dir='ltr'>adhue</span> <span class='ocrx_word' id='word_1_79' title='bbox 727 989 883 1065; x_wconf 81' lang='lat' dir='ltr'>dubiisque</span> <span class='ocrx_word' id='word_1_80' title='bbox 906 989 1067 1050; x_wconf 78' lang='lat' dir='ltr'>virtutibus</span> 
     </span>
     <span class='ocr_line' id='line_1_11' title="bbox 13 1078 1067 1156; baseline -0.004 -16"><span class='ocrx_word' id='word_1_81' title='bbox 13 1078 309 1156; x_wconf 62' lang='lat' dir='ltr'>amentaretur</span> <span class='ocrx_word' id='word_1_82' title='bbox 326 1079 465 1152; x_wconf 82' lang='lat' dir='ltr'>viverem,</span> <span class='ocrx_word' id='word_1_83' title='bbox 487 1079 623 1155; x_wconf 85' lang='lat' dir='ltr'>praestat</span> <span class='ocrx_word' id='word_1_84' title='bbox 643 1078 759 1138; x_wconf 87' lang='lat' dir='ltr'>meritis</span> <span class='ocrx_word' id='word_1_85' title='bbox 782 1081 924 1154; x_wconf 75' lang='lat' dir='ltr'>actisque,</span> <span class='ocrx_word' id='word_1_86' title='bbox 945 1097 982 1137; x_wconf 89' lang='lat' dir='ltr'>ne</span> <span class='ocrx_word' id='word_1_87' title='bbox 1004 1097 1067 1137; x_wconf 88' lang='lat' dir='ltr'>mo·</span> 
     </span>
     <span class='ocr_line' id='line_1_12' title="bbox 54 1167 1068 1244; baseline 0.002 -19"><span class='ocrx_word' id='word_1_88' title='bbox 54 1168 126 1225; x_wconf 86' lang='lat' dir='ltr'>riar.</span> <span class='ocrx_word' id='word_1_89' title='bbox 173 1186 251 1227; x_wconf 86' lang='lat' dir='ltr'>nune</span> <span class='ocrx_word' id='word_1_90' title='bbox 276 1168 328 1225; x_wconf 88' lang='lat' dir='ltr'>ille</span> <span class='ocrx_word' id='word_1_91' title='bbox 357 1167 435 1243; x_wconf 87' lang='lat' dir='ltr'>quod</span> <span class='ocrx_word' id='word_1_92' title='bbox 461 1168 587 1243; x_wconf 86' lang='lat' dir='ltr'>pietate,</span> <span class='ocrx_word' id='word_1_93' title='bbox 615 1167 695 1243; x_wconf 89' lang='lat' dir='ltr'>quod</span> <span class='ocrx_word' id='word_1_94' title='bbox 724 1167 827 1227; x_wconf 86' lang='lat' dir='ltr'>videor</span> <span class='ocrx_word' id='word_1_95' title='bbox 854 1168 941 1227; x_wconf 86' lang='lat' dir='ltr'>istius</span> <span class='ocrx_word' id='word_1_96' title='bbox 970 1169 1068 1244; x_wconf 81' lang='lat' dir='ltr'>perire</span> 
     </span>
     <span class='ocr_line' id='line_1_13' title="bbox 54 1256 1067 1332; baseline -0.002 -16"><span class='ocrx_word' id='word_1_97' title='bbox 54 1257 238 1331; x_wconf 79' lang='lat' dir='ltr'>reverentia,</span> <span class='ocrx_word' id='word_1_98' title='bbox 265 1257 356 1316; x_wconf 83' lang='lat' dir='ltr'>voest</span> <span class='ocrx_word' id='word_1_99' title='bbox 380 1256 573 1331; x_wconf 82' lang='lat' dir='ltr'>parricidium</span> <span class='ocrx_word' id='word_1_100' title='bbox 600 1275 686 1316; x_wconf 86' lang='lat' dir='ltr'>suum</span> <span class='ocrx_word' id='word_1_101' title='bbox 709 1260 739 1316; x_wconf 86' lang='lat' dir='ltr'>et</span> <span class='ocrx_word' id='word_1_102' title='bbox 765 1258 798 1315; x_wconf 92' lang='lat' dir='ltr'>in</span> <span class='ocrx_word' id='word_1_103' title='bbox 825 1256 953 1315; x_wconf 88' lang='lat' dir='ltr'>orbitate</span> <span class='ocrx_word' id='word_1_104' title='bbox 977 1275 1067 1332; x_wconf 87' lang='lat' dir='ltr'>quam</span> 
     </span>
     <span class='ocr_line' id='line_1_14' title="bbox 55 1345 1068 1421; baseline 0.001 -18"><span class='ocrx_word' id='word_1_105' title='bbox 55 1345 156 1404; x_wconf 81' lang='lat' dir='ltr'>faeere</span> <span class='ocrx_word' id='word_1_106' title='bbox 174 1345 232 1404; x_wconf 86' lang='lat' dir='ltr'><strong>sibi</strong></span> <span class='ocrx_word' id='word_1_107' title='bbox 249 1345 377 1419; x_wconf 82' lang='lat' dir='ltr'>videtur,</span> <span class='ocrx_word' id='word_1_108' title='bbox 395 1364 454 1404; x_wconf 86' lang='lat' dir='ltr'>non</span> <span class='ocrx_word' id='word_1_109' title='bbox 471 1345 635 1405; x_wconf 83' lang='lat' dir='ltr'>remedium</span> <span class='ocrx_word' id='word_1_110' title='bbox 652 1364 760 1420; x_wconf 81' lang='lat' dir='ltr'>meum,</span> <span class='ocrx_word' id='word_1_111' title='bbox 779 1345 829 1405; x_wconf 86' lang='lat' dir='ltr'>sed</span> <span class='ocrx_word' id='word_1_112' title='bbox 848 1365 934 1405; x_wconf 87' lang='lat' dir='ltr'>suum</span> <span class='ocrx_word' id='word_1_113' title='bbox 952 1347 1068 1421; x_wconf 82' lang='lat' dir='ltr'>spectat</span> 
     </span>
     <span class='ocr_line' id='line_1_15' title="bbox 55 1433 1068 1511; baseline 0 -18"><span class='ocrx_word' id='word_1_114' title='bbox 55 1434 216 1494; x_wconf 71' lang='lat' dir='ltr'>adiectum</span> <span class='ocrx_word' id='word_1_115' title='bbox 261 1433 341 1494; x_wconf 88' lang='lat' dir='ltr'>filius</span> <span class='ocrx_word' id='word_1_116' title='bbox 369 1436 420 1510; x_wconf 88' lang='lat' dir='ltr'>qui</span> <span class='ocrx_word' id='word_1_117' title='bbox 447 1435 514 1494; x_wconf 84' lang='lat' dir='ltr'>vult</span> <span class='ocrx_word' id='word_1_118' title='bbox 540 1436 630 1508; x_wconf 87' lang='lat' dir='ltr'>mori,</span> <span class='ocrx_word' id='word_1_119' title='bbox 657 1453 695 1494; x_wconf 87' lang='lat' dir='ltr'>ne</span> <span class='ocrx_word' id='word_1_120' title='bbox 721 1434 872 1511; x_wconf 79' lang='lat' dir='ltr'>parricida</span> <span class='ocrx_word' id='word_1_121' title='bbox 899 1435 952 1508; x_wconf 86' lang='lat' dir='ltr'>sit,</span> <span class='ocrx_word' id='word_1_122' title='bbox 979 1435 1068 1493; x_wconf 85' lang='lat' dir='ltr'>aliter</span> 
     </span>
     <span class='ocr_line' id='line_1_16' title="bbox 17 1523 1066 1599; baseline -0.003 -16"><span class='ocrx_word' id='word_1_123' title='bbox 17 1541 42 1583; x_wconf 80' lang='lat' dir='ltr'>ss</span> <span class='ocrx_word' id='word_1_124' title='bbox 55 1523 117 1584; x_wconf 83' lang='lat' dir='ltr'>sibi</span> <span class='ocrx_word' id='word_1_125' title='bbox 133 1523 254 1582; x_wconf 79' lang='lat' dir='ltr'>ridetur</span> <span class='ocrx_word' id='word_1_126' title='bbox 275 1541 462 1582; x_wconf 85' lang='lat' dir='ltr'>remunerare</span> <span class='ocrx_word' id='word_1_127' title='bbox 484 1543 544 1582; x_wconf 88' lang='lat' dir='ltr'>nan</span> <span class='ocrx_word' id='word_1_128' title='bbox 566 1542 652 1599; x_wconf 85' lang='lat' dir='ltr'>posse</span> <span class='ocrx_word' id='word_1_129' title='bbox 671 1542 762 1598; x_wconf 87' lang='lat' dir='ltr'>quam</span> <span class='ocrx_word' id='word_1_130' title='bbox 779 1526 815 1582; x_wconf 84' lang='lat' dir='ltr'>ut</span> <span class='ocrx_word' id='word_1_131' title='bbox 831 1524 896 1599; x_wconf 87' lang='lat' dir='ltr'>ipse</span> <span class='ocrx_word' id='word_1_132' title='bbox 913 1524 1066 1582; x_wconf 85' lang='lat' dir='ltr'>moriatur.</span> 
     </span>
     <span class='ocr_line' id='line_1_17' title="bbox 122 1611 1103 1688; baseline -0.004 -18"><span class='ocrx_word' id='word_1_133' title='bbox 122 1611 232 1671; x_wconf 82' lang='lat' dir='ltr'>Merita</span> <span class='ocrx_word' id='word_1_134' title='bbox 253 1631 387 1688; x_wconf 86' lang='lat' dir='ltr'>prorsus,</span> <span class='ocrx_word' id='word_1_135' title='bbox 413 1613 520 1671; x_wconf 90' lang='lat' dir='ltr'>merito</span> <span class='ocrx_word' id='word_1_136' title='bbox 542 1614 684 1672; x_wconf 84' lang='lat' dir='ltr'>miserum</span> <span class='ocrx_word' id='word_1_137' title='bbox 710 1631 809 1672; x_wconf 90' lang='lat' dir='ltr'>senem</span> <span class='ocrx_word' id='word_1_138' title='bbox 831 1613 934 1672; x_wconf 85' lang='lat' dir='ltr'>tristes</span> <span class='ocrx_word' id='word_1_139' title='bbox 955 1611 1103 1672; x_wconf 75' lang='lat' dir='ltr'>sollici-3</span> 
     </span>
     <span class='ocr_line' id='line_1_18' title="bbox 54 1701 1068 1777; baseline -0.001 -17"><span class='ocrx_word' id='word_1_140' title='bbox 54 1701 176 1761; x_wconf 81' lang='lat' dir='ltr'>tudines</span> <span class='ocrx_word' id='word_1_141' title='bbox 203 1703 234 1760; x_wconf 82' lang='lat' dir='ltr'>et</span> <span class='ocrx_word' id='word_1_142' title='bbox 260 1702 386 1777; x_wconf 71' lang='lat' dir='ltr'>praescii</span> <span class='ocrx_word' id='word_1_143' title='bbox 412 1703 511 1760; x_wconf 88' lang='lat' dir='ltr'>metus</span> <span class='ocrx_word' id='word_1_144' title='bbox 537 1701 575 1759; x_wconf 81' lang='lat' dir='ltr'>ad</span> <span class='ocrx_word' id='word_1_145' title='bbox 601 1701 847 1761; x_wconf 78' lang='lat' dir='ltr'>mathematicum</span> <span class='ocrx_word' id='word_1_146' title='bbox 869 1703 901 1760; x_wconf 84' lang='lat' dir='ltr'>et</span> <span class='ocrx_word' id='word_1_147' title='bbox 926 1720 1068 1777; x_wconf 85' lang='lat' dir='ltr'>responsa</span> 
     </span>
     <span class='ocr_line' id='line_1_19' title="bbox 55 1789 1067 1867; baseline -0.002 -17"><span class='ocrx_word' id='word_1_148' title='bbox 55 1790 210 1850; x_wconf 84' lang='lat' dir='ltr'>miserunt.</span> <span class='ocrx_word' id='word_1_149' title='bbox 256 1789 345 1848; x_wconf 87' lang='lat' dir='ltr'>debui</span> <span class='ocrx_word' id='word_1_150' title='bbox 371 1791 419 1848; x_wconf 83' lang='lat' dir='ltr'>vir</span> <span class='ocrx_word' id='word_1_151' title='bbox 447 1790 535 1850; x_wconf 86' lang='lat' dir='ltr'>fortis</span> <span class='ocrx_word' id='word_1_152' title='bbox 565 1791 712 1864; x_wconf 85' lang='lat' dir='ltr'>nuntiari,</span> <span class='ocrx_word' id='word_1_153' title='bbox 744 1791 896 1866; x_wconf 77' lang='lat' dir='ltr'>parricida</span> <span class='ocrx_word' id='word_1_154' title='bbox 925 1791 1067 1867; x_wconf 77' lang='lat' dir='ltr'>praedici.</span> 
     </span>
     <span class='ocr_line' id='line_1_20' title="bbox 57 1879 1068 1956; baseline -0.001 -17"><span class='ocrx_word' id='word_1_155' title='bbox 57 1880 119 1939; x_wconf 84' lang='lat' dir='ltr'>sive</span> <span class='ocrx_word' id='word_1_156' title='bbox 143 1880 224 1937; x_wconf 86' lang='lat' dir='ltr'>enim</span> <span class='ocrx_word' id='word_1_157' title='bbox 250 1880 376 1938; x_wconf 81' lang='lat' dir='ltr'>miserae</span> <span class='ocrx_word' id='word_1_158' title='bbox 403 1880 539 1955; x_wconf 80' lang='lat' dir='ltr'>coniugis</span> <span class='ocrx_word' id='word_1_159' title='bbox 565 1879 738 1956; x_wconf 83' lang='lat' dir='ltr'>prodigiosa</span> <span class='ocrx_word' id='word_1_160' title='bbox 764 1880 931 1940; x_wconf 76' lang='lat' dir='ltr'>fecunditas</span> <span class='ocrx_word' id='word_1_161' title='bbox 957 1880 1068 1939; x_wconf 86' lang='lat' dir='ltr'>turnul-</span> 
     </span>
     <span class='ocr_line' id='line_1_21' title="bbox 23 1967 1068 2044; baseline 0.001 -18"><span class='ocrx_word' id='word_1_162' title='bbox 23 1969 152 2028; x_wconf 74' lang='lat' dir='ltr'>atuosis</span> <span class='ocrx_word' id='word_1_163' title='bbox 178 1967 313 2043; x_wconf 84' lang='lat' dir='ltr'>pulsibus</span> <span class='ocrx_word' id='word_1_164' title='bbox 344 1968 497 2027; x_wconf 79' lang='lat' dir='ltr'>maritales</span> <span class='ocrx_word' id='word_1_165' title='bbox 528 1969 711 2044; x_wconf 76' lang='lat' dir='ltr'>inquietavit</span> <span class='ocrx_word' id='word_1_166' title='bbox 739 1969 904 2044; x_wconf 87' lang='lat' dir='ltr'>amplexus,</span> <span class='ocrx_word' id='word_1_167' title='bbox 936 1987 987 2028; x_wconf 84' lang='lat' dir='ltr'>seu</span> <span class='ocrx_word' id='word_1_168' title='bbox 1013 1988 1068 2044; x_wconf 87' lang='lat' dir='ltr'>per</span> 
     </span>
     <span class='ocr_line' id='line_1_22' title="bbox 58 2056 1067 2135; baseline 0.003 -20"><span class='ocrx_word' id='word_1_169' title='bbox 58 2058 161 2116; x_wconf 82' lang='lat' dir='ltr'>anxias</span> <span class='ocrx_word' id='word_1_170' title='bbox 183 2058 286 2115; x_wconf 86' lang='lat' dir='ltr'>noetes</span> <span class='ocrx_word' id='word_1_171' title='bbox 308 2056 447 2132; x_wconf 81' lang='lat' dir='ltr'>dirosque</span> <span class='ocrx_word' id='word_1_172' title='bbox 470 2075 587 2117; x_wconf 87' lang='lat' dir='ltr'>somnos</span> <span class='ocrx_word' id='word_1_173' title='bbox 610 2057 753 2117; x_wconf 73' lang='lat' dir='ltr'>feralibus</span> <span class='ocrx_word' id='word_1_174' title='bbox 779 2077 866 2117; x_wconf 83' lang='lat' dir='ltr'>senex</span> <span class='ocrx_word' id='word_1_175' title='bbox 888 2058 1067 2135; x_wconf 83' lang='lat' dir='ltr'>imaginibus</span> 
     </span>
     <span class='ocr_line' id='line_1_23' title="bbox 59 2145 1067 2224; baseline -0.002 -19"><span class='ocrx_word' id='word_1_176' title='bbox 59 2146 191 2224; x_wconf 71' lang='lat' dir='ltr'>agitatus</span> <span class='ocrx_word' id='word_1_177' title='bbox 210 2145 320 2204; x_wconf 84' lang='lat' dir='ltr'>dieitur</span> <span class='ocrx_word' id='word_1_178' title='bbox 338 2146 376 2204; x_wconf 82' lang='lat' dir='ltr'>ad</span> <span class='ocrx_word' id='word_1_179' title='bbox 393 2146 582 2206; x_wconf 87' lang='lat' dir='ltr'>notissimum</span> <span class='ocrx_word' id='word_1_180' title='bbox 600 2165 700 2206; x_wconf 78' lang='lat' dir='ltr'>sacrae</span> <span class='ocrx_word' id='word_1_181' title='bbox 720 2147 793 2206; x_wconf 85' lang='lat' dir='ltr'>artis</span> <span class='ocrx_word' id='word_1_182' title='bbox 811 2147 992 2220; x_wconf 76' lang='lat' dir='ltr'>antestitem,</span> <span class='ocrx_word' id='word_1_183' title='bbox 1008 2165 1067 2204; x_wconf 88' lang='lat' dir='ltr'>non</span> 
     </span>
     <span class='ocr_line' id='line_1_24' title="bbox 10 2234 1068 2312; baseline 0 -17"><span class='ocrx_word' id='word_1_184' title='bbox 10 2268 12 2273; x_wconf 96' lang='lat'>·</span> <span class='ocrx_word' id='word_1_185' title='bbox 59 2252 136 2310; x_wconf 86' lang='lat' dir='ltr'>spes,</span> <span class='ocrx_word' id='word_1_186' title='bbox 163 2253 224 2293; x_wconf 86' lang='lat' dir='ltr'>non</span> <span class='ocrx_word' id='word_1_187' title='bbox 248 2234 337 2293; x_wconf 79' lang='lat' dir='ltr'>arida</span> <span class='ocrx_word' id='word_1_188' title='bbox 358 2237 443 2309; x_wconf 85' lang='lat' dir='ltr'>vota,</span> <span class='ocrx_word' id='word_1_189' title='bbox 470 2235 521 2294; x_wconf 87' lang='lat' dir='ltr'>sed</span> <span class='ocrx_word' id='word_1_190' title='bbox 543 2236 685 2311; x_wconf 84' lang='lat' dir='ltr'>suspiria,</span> <span class='ocrx_word' id='word_1_191' title='bbox 712 2238 808 2294; x_wconf 86' lang='lat' dir='ltr'>metus</span> <span class='ocrx_word' id='word_1_192' title='bbox 832 2237 863 2294; x_wconf 84' lang='lat' dir='ltr'>et</span> <span class='ocrx_word' id='word_1_193' title='bbox 889 2253 1068 2312; x_wconf 84' lang='lat' dir='ltr'>praesagum</span> 
     </span>
     <span class='ocr_line' id='line_1_25' title="bbox 59 2322 1067 2402; baseline -0.001 -20"><span class='ocrx_word' id='word_1_194' title='bbox 59 2324 160 2402; x_wconf 83' lang='lat' dir='ltr'>magni</span> <span class='ocrx_word' id='word_1_195' title='bbox 181 2324 281 2383; x_wconf 76' lang='lat' dir='ltr'>neseio</span> <span class='ocrx_word' id='word_1_196' title='bbox 304 2325 388 2384; x_wconf 75' lang='lat' dir='ltr'>errius</span> <span class='ocrx_word' id='word_1_197' title='bbox 410 2324 518 2383; x_wconf 79' lang='lat' dir='ltr'>incerti</span> <span class='ocrx_word' id='word_1_198' title='bbox 541 2323 681 2384; x_wconf 86' lang='lat' dir='ltr'>detulisse</span> <span class='ocrx_word' id='word_1_199' title='bbox 704 2324 863 2401; x_wconf 86' lang='lat' dir='ltr'>pallorem,</span> <span class='ocrx_word' id='word_1_200' title='bbox 891 2322 962 2399; x_wconf 88' lang='lat' dir='ltr'>quid</span> <span class='ocrx_word' id='word_1_201' title='bbox 986 2323 1067 2382; x_wconf 79' lang='lat' dir='ltr'>atiud</span> 
     </span>
     <span class='ocr_line' id='line_1_26' title="bbox 30 2411 1067 2489; baseline 0.001 -19"><span class='ocrx_word' id='word_1_202' title='bbox 30 2411 193 2472; x_wconf 53' lang='lat' dir='ltr'>ahoe‘esee</span> <span class='ocrx_word' id='word_1_203' title='bbox 212 2413 313 2488; x_wconf 82' lang='lat' dir='ltr'>vultis,</span> <span class='ocrx_word' id='word_1_204' title='bbox 336 2412 367 2472; x_wconf 92' lang='lat' dir='ltr'>P.</span> <span class='ocrx_word' id='word_1_205' title='bbox 388 2411 428 2487; x_wconf 75' lang='grc'>0.,</span> <span class='ocrx_word' id='word_1_206' title='bbox 452 2432 541 2488; x_wconf 85' lang='lat' dir='ltr'>quam</span> <span class='ocrx_word' id='word_1_207' title='bbox 563 2414 692 2489; x_wconf 89' lang='lat' dir='ltr'>primam</span> <span class='ocrx_word' id='word_1_208' title='bbox 714 2413 817 2472; x_wconf 88' lang='lat' dir='ltr'>fatalis</span> <span class='ocrx_word' id='word_1_209' title='bbox 836 2414 995 2472; x_wconf 80' lang='lat' dir='ltr'>instinctus</span> <span class='ocrx_word' id='word_1_210' title='bbox 1017 2431 1067 2471; x_wconf 87' lang='lat' dir='ltr'>ne·</span> 
     </span>
    </p>
   </div>
   <div class='ocr_carea' id='block_1_3' title="bbox 10 2599 1070 2814">
    <p class='ocr_par' dir='ltr' id='par_1_3' title="bbox 10 2599 1070 2814">
     <span class='ocr_line' id='line_1_27' title="bbox 10 2599 1070 2669; baseline -0.005 -12"><span class='ocrx_word' id='word_1_211' title='bbox 10 2638 13 2657; x_wconf 64' lang='lat'>1</span> <span class='ocrx_word' id='word_1_212' title='bbox 127 2605 206 2653; x_wconf 67' lang='lat' dir='ltr'>ine·</span> <span class='ocrx_word' id='word_1_213' title='bbox 220 2601 290 2652; x_wconf 77' lang='lat' dir='ltr'>utB</span> <span class='ocrx_word' id='word_1_214' title='bbox 320 2599 501 2668; x_wconf 67' lang='lat' dir='ltr'>simitum,</span> <span class='ocrx_word' id='word_1_215' title='bbox 515 2616 582 2656; x_wconf 78' lang='lat' dir='ltr'>corr.</span> <span class='ocrx_word' id='word_1_216' title='bbox 592 2621 624 2653; x_wconf 75' lang='grc' dir='ltr'>ιι</span> <span class='ocrx_word' id='word_1_217' title='bbox 661 2599 860 2669; x_wconf 87' lang='lat' dir='ltr'>3n0npose1m</span> <span class='ocrx_word' id='word_1_218' title='bbox 869 2617 926 2654; x_wconf 91' lang='lat' dir='ltr'>non</span> <span class='ocrx_word' id='word_1_219' title='bbox 935 2599 1070 2653; x_wconf 70' lang='lat' dir='ltr'>facerem</span> 
     </span>
     <span class='ocr_line' id='line_1_28' title="bbox 10 2670 1070 2739; baseline 0.001 -17.05"><span class='ocrx_word' id='word_1_220' title='bbox 10 2670 142 2739; x_wconf 71' lang='lat' dir='ltr'>iqui</span> <span class='ocrx_word' id='word_1_221' title='bbox 160 2687 211 2724; x_wconf 84' lang='lat' dir='ltr'>em</span> <span class='ocrx_word' id='word_1_222' title='bbox 226 2680 258 2725; x_wconf 95' lang='grc' dir='ltr'>Β</span> <span class='ocrx_word' id='word_1_223' title='bbox 314 2687 359 2724; x_wconf 90' lang='lat' dir='ltr'>me</span> <span class='ocrx_word' id='word_1_224' title='bbox 377 2671 491 2725; x_wconf 88' lang='lat' dir='ltr'>retinet.</span> <span class='ocrx_word' id='word_1_225' title='bbox 510 2687 562 2725; x_wconf 86' lang='lat' dir='ltr'>nea</span> <span class='ocrx_word' id='word_1_226' title='bbox 579 2671 674 2725; x_wconf 89' lang='lat' dir='ltr'>meriti</span> <span class='ocrx_word' id='word_1_227' title='bbox 691 2689 743 2726; x_wconf 87' lang='lat' dir='ltr'>nea</span> <span class='ocrx_word' id='word_1_228' title='bbox 756 2680 796 2738; x_wconf 80' lang='grc' dir='ltr'>Β;</span> <span class='ocrx_word' id='word_1_229' title='bbox 813 2687 865 2726; x_wconf 87' lang='lat' dir='ltr'>nee</span> <span class='ocrx_word' id='word_1_230' title='bbox 883 2671 954 2725; x_wconf 89' lang='lat' dir='ltr'>mori</span> <span class='ocrx_word' id='word_1_231' title='bbox 971 2687 1023 2725; x_wconf 84' lang='lat' dir='ltr'>nee</span> <span class='ocrx_word' id='word_1_232' title='bbox 1037 2679 1070 2723; x_wconf 90' lang='grc' dir='ltr'>Β</span> 
     </span>
     <span class='ocr_line' id='line_1_29' title="bbox 60 2742 1067 2814; baseline 0 -19"><span class='ocrx_word' id='word_1_233' title='bbox 60 2744 198 2814; x_wconf 75' lang='lat' dir='ltr'>(iamary.</span> <span class='ocrx_word' id='word_1_234' title='bbox 209 2756 277 2797; x_wconf 85' lang='lat' dir='ltr'>eorr</span> <span class='ocrx_word' id='word_1_235' title='bbox 287 2744 329 2811; x_wconf 74' lang='lat' dir='ltr'>ns)</span> <span class='ocrx_word' id='word_1_236' title='bbox 375 2742 506 2797; x_wconf 78' lang='lat' dir='ltr'>bmiror:</span> <span class='ocrx_word' id='word_1_237' title='bbox 525 2742 616 2796; x_wconf 87' lang='lat' dir='ltr'>minor</span> <span class='ocrx_word' id='word_1_238' title='bbox 633 2751 655 2795; x_wconf 79' lang='lat' dir='ltr'><strong><em>V</em></strong></span> <span class='ocrx_word' id='word_1_239' title='bbox 687 2743 759 2797; x_wconf 86' lang='lat' dir='ltr'>adua</span> <span class='ocrx_word' id='word_1_240' title='bbox 772 2752 807 2809; x_wconf 92' lang='grc' dir='ltr'>Β,</span> <span class='ocrx_word' id='word_1_241' title='bbox 821 2752 918 2798; x_wconf 69' lang='lat' dir='ltr'>eorm</span> <span class='ocrx_word' id='word_1_242' title='bbox 962 2748 1067 2811; x_wconf 75' lang='lat' dir='ltr'>tgau-</span> 
     </span>
    </p>
   </div>
   <div class='ocr_carea' id='block_1_4' title="bbox 10 2829 1068 3025">
    <p class='ocr_par' dir='ltr' id='par_1_4' title="bbox 10 2829 1068 2991">
     <span class='ocr_line' id='line_1_30' title="bbox 10 2829 1067 2935; baseline 0 -33"><span class='ocrx_word' id='word_1_243' title='bbox 10 2829 103 2935; x_wconf 85' lang='lat' dir='ltr'>di⁰</span> <span class='ocrx_word' id='word_1_244' title='bbox 121 2858 152 2904; x_wconf 96' lang='grc' dir='ltr'>Β</span> <span class='ocrx_word' id='word_1_245' title='bbox 200 2848 363 2918; x_wconf 84' lang='lat' dir='ltr'>animosque</span> <span class='ocrx_word' id='word_1_246' title='bbox 382 2858 414 2903; x_wconf 94' lang='grc' dir='ltr'>Β</span> <span class='ocrx_word' id='word_1_247' title='bbox 482 2849 678 2905; x_wconf 85' lang='lat' dir='ltr'>8nuntiatum</span> <span class='ocrx_word' id='word_1_248' title='bbox 697 2858 729 2902; x_wconf 96' lang='grc' dir='ltr'>Β</span> <span class='ocrx_word' id='word_1_249' title='bbox 744 2850 804 2918; x_wconf 88' lang='lat' dir='ltr'>(per</span> <span class='ocrx_word' id='word_1_250' title='bbox 821 2849 929 2904; x_wconf 70' lang='lat' dir='ltr'>videtur</span> <span class='ocrx_word' id='word_1_251' title='bbox 946 2851 1067 2914; x_wconf 78' lang='lat' dir='ltr'>erasisse,</span> 
     </span>
     <span class='ocr_line' id='line_1_31' title="bbox 10 2888 1068 3025; baseline -0.001 -50.952"><span class='ocrx_word' id='word_1_252' title='bbox 10 2888 231 3025; x_wconf 48' lang='lat' dir='ltr'>{mordeam</span> <span class='ocrx_word' id='word_1_253' title='bbox 200 2922 241 2991; x_wconf 72' lang='lat' dir='ltr'>m)</span> <span class='ocrx_word' id='word_1_254' title='bbox 302 2919 594 2988; x_wconf 61' lang='lat' dir='ltr'>enervasse-ae</span> <span class='ocrx_word' id='word_1_255' title='bbox 652 2925 894 2975; x_wconf 72' lang='lat' dir='ltr'>loneeamess</span> <span class='ocrx_word' id='word_1_256' title='bbox 946 2919 1068 2991; x_wconf 51' lang='lat' dir='ltr'>moria&amp;</span> 
     </span>
    </p>
   </div>
   <div class='ocr_carea' id='block_1_5' title="bbox 922 3009 933 3056">
    <p class='ocr_par' dir='ltr' id='par_1_5' title="bbox 922 3009 933 3056">
     <span class='ocr_line' id='line_1_32' title="bbox 922 3009 933 3056; baseline 0 0"><span class='ocrx_word' id='word_1_257' title='bbox 922 3009 933 3056; x_wconf 81' lang='lat' dir='ltr'>i</span> 
     </span>
    </p>
   </div>
   <div class='ocr_carea' id='block_1_6' title="bbox 10 2991 1069 3326">
    <p class='ocr_par' dir='ltr' id='par_1_6' title="bbox 10 2991 1069 3326">
     <span class='ocr_line' id='line_1_33' title="bbox 10 2991 1018 3115; baseline -0.002 -17"><span class='ocrx_word' id='word_1_258' title='bbox 10 3032 12 3047; x_wconf 82' lang='lat'>&#39;</span> <span class='ocrx_word' id='word_1_259' title='bbox 60 3054 174 3102; x_wconf 71' lang='lat' dir='ltr'>nune!</span> <span class='ocrx_word' id='word_1_260' title='bbox 246 3024 278 3099; x_wconf 94' lang='grc'><strong>12</strong></span> <span class='ocrx_word' id='word_1_261' title='bbox 297 3045 724 3115; x_wconf 68' lang='lat' dir='ltr'>voeatom.11‚iamarq.add</span> <span class='ocrx_word' id='word_1_262' title='bbox 739 3055 757 3096; x_wconf 86' lang='grc' dir='ltr'>Β</span> <span class='ocrx_word' id='word_1_263' title='bbox 822 2991 978 3113; x_wconf 74' lang='lat' dir='ltr'>pan-airum</span> <span class='ocrx_word' id='word_1_264' title='bbox 996 3053 1018 3096; x_wconf 79' lang='lat' dir='ltr'><strong><em>V</em></strong></span> 
     </span>
     <span class='ocr_line' id='line_1_34' title="bbox 60 3113 1069 3200; baseline -0.002 -30"><span class='ocrx_word' id='word_1_265' title='bbox 60 3123 90 3170; x_wconf 78' lang='lat'>14</span> <span class='ocrx_word' id='word_1_266' title='bbox 103 3116 153 3170; x_wconf 79' lang='lat' dir='ltr'>vul</span> <span class='ocrx_word' id='word_1_267' title='bbox 166 3125 195 3169; x_wconf 91' lang='grc' dir='ltr'>Β</span> <span class='ocrx_word' id='word_1_268' title='bbox 240 3122 273 3170; x_wconf 79' lang='lat'>1⁶</span> <span class='ocrx_word' id='word_1_269' title='bbox 286 3115 458 3200; x_wconf 71' lang='lat' dir='ltr'>remunerari</span> <span class='ocrx_word' id='word_1_270' title='bbox 472 3127 543 3180; x_wconf 73' lang='lat' dir='ltr'>eayr</span> <span class='ocrx_word' id='word_1_271' title='bbox 577 3132 673 3184; x_wconf 88' lang='lat' dir='ltr'>quem·</span> <span class='ocrx_word' id='word_1_272' title='bbox 688 3125 781 3186; x_wconf 70' lang='lat' dir='ltr'>quo?</span> <span class='ocrx_word' id='word_1_273' title='bbox 824 3121 858 3169; x_wconf 82' lang='grc'>16</span> <span class='ocrx_word' id='word_1_274' title='bbox 876 3116 1008 3169; x_wconf 85' lang='lat' dir='ltr'>miserum</span> <span class='ocrx_word' id='word_1_275' title='bbox 1022 3113 1069 3168; x_wconf 85' lang='lat' dir='ltr'>vel</span> 
     </span>
     <span class='ocr_line' id='line_1_35' title="bbox 59 3186 996 3258; baseline -0.001 -16"><span class='ocrx_word' id='word_1_276' title='bbox 59 3188 203 3242; x_wconf 79' lang='lat' dir='ltr'>misertum</span> <span class='ocrx_word' id='word_1_277' title='bbox 216 3203 310 3242; x_wconf 87' lang='lat' dir='ltr'>senem</span> <span class='ocrx_word' id='word_1_278' title='bbox 323 3186 643 3258; x_wconf 61' lang='lat' dir='ltr'>113miserum3senem</span> <span class='ocrx_word' id='word_1_279' title='bbox 658 3195 700 3254; x_wconf 78' lang='grc' dir='ltr'>Β;</span> <span class='ocrx_word' id='word_1_280' title='bbox 719 3203 813 3241; x_wconf 85' lang='lat' dir='ltr'>senem</span> <span class='ocrx_word' id='word_1_281' title='bbox 831 3186 996 3250; x_wconf 69' lang='lat' dir='ltr'>miseruma</span> 
     </span>
     <span class='ocr_line' id='line_1_36' title="bbox 59 3257 999 3326; baseline -0.001 -14"><span class='ocrx_word' id='word_1_282' title='bbox 59 3259 259 3314; x_wconf 73' lang='lat' dir='ltr'>amiserunt:</span> <span class='ocrx_word' id='word_1_283' title='bbox 277 3259 410 3313; x_wconf 80' lang='lat' dir='ltr'>miserum</span> <span class='ocrx_word' id='word_1_284' title='bbox 426 3267 455 3311; x_wconf 90' lang='grc' dir='ltr'>Β</span> <span class='ocrx_word' id='word_1_285' title='bbox 521 3263 555 3312; x_wconf 90' lang='grc'><strong>20</strong></span> <span class='ocrx_word' id='word_1_286' title='bbox 573 3258 734 3326; x_wconf 86' lang='lat' dir='ltr'>inquietant</span> <span class='ocrx_word' id='word_1_287' title='bbox 752 3271 772 3311; x_wconf 72' lang='lat' dir='ltr'>(a</span> <span class='ocrx_word' id='word_1_288' title='bbox 806 3274 866 3312; x_wconf 88' lang='lat' dir='ltr'>eeu:</span> <span class='ocrx_word' id='word_1_289' title='bbox 886 3257 943 3312; x_wconf 86' lang='lat' dir='ltr'>sive</span> <span class='ocrx_word' id='word_1_290' title='bbox 960 3269 999 3321; x_wconf 70' lang='lat' dir='ltr'>rr</span> 
     </span>
    </p>
   </div>
   <div class='ocr_carea' id='block_1_7' title="bbox 59 3329 1096 3567">
    <p class='ocr_par' dir='ltr' id='par_1_7' title="bbox 59 3329 1096 3567">
     <span class='ocr_line' id='line_1_37' title="bbox 59 3329 1073 3455; baseline -0.001 -20"><span class='ocrx_word' id='word_1_291' title='bbox 59 3387 89 3437; x_wconf 91' lang='grc'>21</span> <span class='ocrx_word' id='word_1_292' title='bbox 108 3382 221 3438; x_wconf 82' lang='lat' dir='ltr'>anesias</span> <span class='ocrx_word' id='word_1_293' title='bbox 234 3392 270 3453; x_wconf 90' lang='grc' dir='ltr'>Β,</span> <span class='ocrx_word' id='word_1_294' title='bbox 287 3394 385 3439; x_wconf 75' lang='lat' dir='ltr'>esrae</span> <span class='ocrx_word' id='word_1_295' title='bbox 437 3329 621 3455; x_wconf 59' lang='lat' dir='ltr'>semigrare</span> <span class='ocrx_word' id='word_1_296' title='bbox 593 3381 719 3454; x_wconf 65' lang='grc' dir='ltr'><strong><em>Β(ἰΒ.9)</em></strong></span> <span class='ocrx_word' id='word_1_297' title='bbox 778 3389 811 3436; x_wconf 90' lang='grc'>22</span> <span class='ocrx_word' id='word_1_298' title='bbox 832 3382 994 3436; x_wconf 82' lang='lat' dir='ltr'>antestitem</span> <span class='ocrx_word' id='word_1_299' title='bbox 1008 3391 1073 3449; x_wconf 62' lang='lat' dir='ltr'>nv„</span> 
     </span>
     <span class='ocr_line' id='line_1_38' title="bbox 59 3472 1096 3567; baseline 0.001 -24"><span class='ocrx_word' id='word_1_300' title='bbox 59 3490 214 3546; x_wconf 78' lang='lat' dir='ltr'>antistitem</span> <span class='ocrx_word' id='word_1_301' title='bbox 227 3490 328 3559; x_wconf 69' lang='lat' dir='ltr'>reliqui</span> <span class='ocrx_word' id='word_1_302' title='bbox 372 3495 406 3544; x_wconf 80' lang='grc'><strong>23</strong></span> <span class='ocrx_word' id='word_1_303' title='bbox 421 3491 590 3565; x_wconf 56' lang='lat' dir='ltr'>praesagiis</span> <span class='ocrx_word' id='word_1_304' title='bbox 605 3499 637 3548; x_wconf 92' lang='grc' dir='ltr'>Β</span> <span class='ocrx_word' id='word_1_305' title='bbox 682 3497 717 3550; x_wconf 79' lang='grc'><strong>25</strong></span> <span class='ocrx_word' id='word_1_306' title='bbox 731 3473 825 3567; x_wconf 50' lang='lat' dir='ltr'>prim*</span> <span class='ocrx_word' id='word_1_307' title='bbox 842 3503 869 3551; x_wconf 90' lang='grc' dir='ltr'>Β</span> <span class='ocrx_word' id='word_1_308' title='bbox 905 3472 1053 3551; x_wconf 60' lang='lat' dir='ltr'>martum</span> <span class='ocrx_word' id='word_1_309' title='bbox 1067 3496 1096 3541; x_wconf 85' lang='grc' dir='ltr'>Β</span> 
     </span>
    </p>
   </div>
   <div class='ocr_carea' id='block_1_8' title="bbox 0 0 1209 3840">
    <p class='ocr_par' dir='ltr' id='par_1_8' title="bbox 0 0 1209 3840">
     <span class='ocr_line' id='line_1_39' title="bbox 0 0 1209 3840; baseline 0 0"><span class='ocrx_word' id='word_1_310' title='bbox 0 0 1209 3840; x_wconf 95' lang='lat' dir='ltr'> </span> 
     </span>
    </p>
   </div>
  </div>
 </body>
</html>
