2408 3840
116 145 139 208 4
452 141 581 197 PARIES
598 141 773 197 PALMATV
775 142 792 196 S

116 314 242 392 putetis,
270 304 340 372 nisi
355 315 385 370 et
410 301 551 395 innocens
578 310 681 386 fuerit,
709 330 768 369 non
795 313 885 388 petit,
914 314 948 370 ut
976 312 1130 371 adflictum

117 403 261 477 allevetis,
279 396 337 460 nisi
356 402 386 460 et
403 400 600 477 probaveritis
620 418 681 459 sese
700 400 895 459 infeliciorem
913 401 993 476 quod
1011 405 1129 478 patrem

118 491 225 566 amisit,
248 510 338 566 quam
357 489 442 565 quodv
454 490 561 548 oculos.
604 491 758 547 aestimate
776 490 913 550 iuvenem
931 490 978 548 his
995 490 1128 550 moribus

117 579 223 656 quibus
246 579 396 638 videntem
420 579 625 652 aestimaretis,
647 579 719 652 vita,
742 578 862 654 pudore,
885 579 1005 653 pietate.
1051 597 1129 654 quae

116 672 143 729 si
166 670 265 728 omnia
288 667 355 744 sibi,
378 671 413 727 ut
435 669 521 726 erant
541 668 694 743 promissa,
718 669 914 740 constiterint,
936 668 1018 726 nullo
1037 671 1128 728 terre·
1158 688 1171 728 s

116 757 198 816 bitur
221 758 350 816 erimine.
391 775 445 815 nec
467 756 546 832 quod
567 755 793 815 sceleratissima
811 757 988 815 feminarum
1007 757 1128 816 calami·

116 849 210 906 tatem
228 849 361 906 nostram
380 848 534 905 cruentato
552 847 665 922 pariete
683 844 804 902 imitata
823 850 875 921 est,
899 848 1128 921 expavescimus.

116 955 193 1012 quae
221 936 377 1013 diligentia
408 934 564 993 sollicitior
595 935 665 1009 fuit,
698 953 735 992 ne
763 932 1043 1009 deprehenderetur:
1073 936 1129 994 hoo

115 1027 211 1102 magis
238 1025 384 1084 indicavit
407 1023 464 1082 sibi
487 1023 586 1082 oculos
599 1042 669 1085 ,non
691 1023 841 1081 defuisse.⁴
873 1026 986 1101 gratias
1012 1024 1129 1101 agimus

116 1114 196 1190 quod
219 1114 345 1172 nimium
367 1112 454 1172 avide
477 1113 651 1188 suspicionis
674 1113 706 1170 iu
729 1113 861 1170 nostram
883 1113 1039 1172 transtulit
1060 1131 1129 1188 par·
1144 1135 1171 1174 ro

116 1206 186 1263 tem.
227 1222 286 1261 nou
309 1219 371 1260 esse
394 1201 474 1260 caeci
497 1202 590 1260 scelus
613 1199 764 1259 difficilius
782 1201 967 1277 probaretur,
989 1202 1048 1260 nisi
1066 1221 1129 1261 om-

116 1293 168 1351 nia
192 1292 233 1349 sic
256 1293 324 1350 acta
347 1293 453 1364 essent,
476 1292 510 1348 ut
531 1289 635 1349 fecisse
658 1307 761 1348 caecus
784 1290 941 1350 videretur.

81 1380 99 1436 2
186 1379 283 1448 Quare
301 1380 403 1458 igitur,
424 1379 544 1454 iudices,
567 1397 626 1437 non
646 1378 769 1454 inprobe
788 1380 968 1454 speraverim
985 1379 1128 1454 futurum,

117 1471 152 1529 ut
179 1472 317 1546 suspecta
344 1471 404 1527 sint
430 1467 513 1527 vobis
542 1485 617 1544 quae
641 1471 705 1525 tam
727 1468 943 1528 inconsiderate
965 1466 1036 1526 ficta
1058 1472 1130 1528 sunt

118 1561 222 1619 contra
248 1559 386 1616 miseram
414 1559 594 1615 caecitatem.
640 1557 771 1632 primum
796 1556 875 1632 quod
898 1558 1029 1633 spatium
1051 1557 1132 1636 illud
1144 1577 1169 1618 re

117 1650 222 1725 ingens
246 1647 350 1706 domus
374 1645 452 1721 quod
473 1648 506 1703 in
528 1645 625 1703 medio
649 1646 720 1719 huit,
749 1647 794 1704 ita
816 1645 932 1722 digesto
956 1664 1059 1705 cruore
1082 1665 1128 1706 sa-

117 1738 227 1796 tiatum
246 1737 291 1794 est
313 1753 405 1810 usque
428 1734 466 1792 ad
489 1733 657 1793 cubiculum
678 1735 811 1792 miserini
828 1737 952 1810 iuvenis,
974 1738 1130 1811 tmquam

118 1825 207 1903 plane
229 1825 364 1882 timuerit
385 1822 543 1899 parricida,
565 1842 602 1881 ue
625 1842 684 1881 non
707 1822 981 1901 deprehenderetur.
1023 1823 1129 1884 deinde

118 1913 222 1974 sceleri
240 1932 298 1972 nox
315 1914 503 1988 potissimum
522 1912 615 1970 electa
634 1930 692 1989 quo
711 1913 844 1989 tempore
861 1914 989 1972 inveniri
1003 1915 1128 1974 maritus

119 2002 182 2062 sine
209 2020 298 2061 uxore
325 2020 385 2061 non
410 2002 518 2077 posset.
563 2003 628 2058 tum
656 2000 756 2076 caede,
784 2003 816 2059 in
843 2021 902 2077 qua
924 2021 1010 2060 nemo
1033 2003 1130 2062 utitur
1144 2023 1170 2064 ao

119 2109 172 2151 suo
195 2091 273 2149 ferro
297 2090 354 2148 nisi
373 2091 478 2165 alieno,
502 2089 618 2167 gladius
637 2088 842 2165 adulescentis,
866 2111 902 2150 ne
920 2093 1131 2168 argumentum

119 2179 234 2240 deesset
250 2196 402 2255 novercae,
422 2178 550 2238 relictus.
591 2179 739 2254 postremo
758 2181 912 2256 peractum
929 2179 1051 2240 vulnere
1068 2199 1129 2240 uno

119 2270 213 2330 scelus
237 2266 317 2344 quod
341 2267 506 2327 obiceretur
527 2266 664 2326 manibus
683 2269 817 2326 errantis.
859 2270 889 2327 et
906 2269 1006 2328 tamen
1026 2272 1131 2328 eontra

119 2361 181 2418 tam
208 2357 305 2416 multa
332 2356 518 2415 incredibilia
544 2357 641 2416 solum
668 2355 795 2415 advocat
820 2375 947 2416 noverca
969 2360 1130 2417 testamen·

118 2450 183 2506 tum
209 2448 334 2527 vultque
361 2446 436 2503 illud
463 2463 525 2505 esse
551 2446 681 2522 pretium
706 2447 873 2522 parricidii,
902 2449 937 2505 ut
963 2465 1062 2506 rerum
1083 2449 1129 2506 in·
1145 2468 1171 2508 as

191 2603 206 2650 2
226 2599 302 2652 etex
315 2599 348 2650 ut
365 2606 397 2650 Μ
439 2595 624 2665 probaveritis
638 2605 698 2650 BV:
717 2596 878 2665 probaverit
891 2599 991 2667 reliqui
1035 2603 1051 2651 3
1070 2614 1130 2652 mo-

118 2669 196 2724 ribus
220 2669 271 2723 del.
288 2668 350 2722 Obr.
431 2670 550 2722 terant
567 2677 608 2721 M:
633 2668 715 2721 erunt
732 2677 761 2721 Β
782 2671 826 2736 (ec
848 2674 916 2722 erur'r
938 2686 1006 2724 corr.
1025 2671 1053 2738 o)
1077 2679 1131 2736 veo

121 2745 135 2793 ‘1
155 2740 267 2793 imitata
285 2741 316 2792 ic
334 2755 388 2793 rus.
408 2747 440 2791 Μ
509 2744 524 2791 8
544 2738 702 2793 sollicitior:
725 2738 861 2793 sollicitor
878 2749 906 2791 Ρ
976 2740 1131 2809 deprehen·

121 2812 244 2865 deretur:
267 2810 486 2879 prehenderetur
503 2820 545 2876 M,
569 2811 604 2864 de
622 2826 697 2879 supr.
716 2831 747 2863 m
819 2815 835 2862 9
853 2809 944 2879 magis
962 2811 1012 2866 del.
1031 2812 1093 2866 Obr.

122 2887 155 2935 10
179 2882 357 2951 suspicionis:
383 2881 626 2950 cflDess.p.100
698 2887 731 2935 12
755 2883 819 2935 acta
842 2884 946 2937 essent:
970 2885 1131 2938 acraessent

120 2962 173 3006 BV
192 2954 273 3022 (falso
295 2969 328 3008 ex
345 2962 374 3006 Β
395 2955 558 3022 agraessent
580 2953 723 3008 adnotavit
740 2952 902 3021 Ecderleia)
985 2959 1018 3007 13
1041 2954 1131 3023 igit-ur

120 3057 171 3095 om.
190 3055 222 3106 βν
286 3047 318 3095 14
343 3041 410 3095 sint:
430 3041 445 3094 l
461 3051 490 3095 Β
547 3046 579 3095 17
602 3040 728 3096 miserini
750 3044 927 3109 correci;·ef.
942 3043 1008 3108 Leo,
1027 3043 1131 3098 Archiv

121 3113 168 3166 lat.
184 3113 251 3167 Len.
267 3114 334 3166 XII
346 3115 453 3182 (1900),
467 3117 505 3166 96
522 3118 548 3166 et
565 3129 624 3181 cap.
640 3116 666 3178 5,
682 3129 710 3180 p.
723 3116 811 3180 7,1e;
828 3113 924 3166 miseri
942 3129 1009 3168 corr.
1024 3131 1058 3169 ex
1076 3114 1130 3168 mi·

122 3183 204 3238 serim
229 3193 268 3249 133
294 3183 445 3237 misem‘mi
468 3184 568 3252 reliqui
646 3188 679 3237 18
706 3183 807 3237 deinde
832 3201 866 3239 ec
891 3183 1006 3239 deindee
1031 3194 1060 3238 B

39 3320 44 3333 ι
122 3259 155 3308 19
174 3255 299 3309 iuvenire
312 3265 349 3321 Μ,
368 3271 435 3310 corr.
450 3276 482 3308 m
536 3260 569 3309 20
588 3256 661 3309 tum:
681 3264 783 3309 cums
832 3256 929 3311 caede:
948 3255 979 3310 in
993 3257 1079 3311 caede
1097 3269 1131 3310 ns

122 3349 155 3397 21
170 3344 226 3397 nisi
241 3343 345 3398 alieno:
359 3350 461 3399 rectene
475 3343 628 3399 traditum?
641 3343 708 3398 nisi:
728 3328 747 3398 h
760 3361 794 3398 ec
807 3349 827 3397 ᾔ
840 3354 872 3398 M
911 3343 1093 3401 adoliscentis
1103 3354 1132 3399 B

122 3420 156 3468 22
181 3415 296 3469 relictus
322 3430 438 3490 noverca
462 3415 673 3484 scultennam
741 3421 774 3470 23
799 3415 957 3471 obiceretur
980 3432 1015 3472 ec
1037 3417 1130 3473 obice-

118 3524 230 3574 eeretur
240 3531 282 3586 11;
301 3521 476 3593 obiiceretm
494 3524 520 3593 (e
538 3521 606 3592 Μ)
624 3532 656 3576 M
729 3504 806 3578 obtra
819 3531 848 3576 ι
894 3555 897 3558 -
