2408 3840
404 147 636 204 DECLAMATIO
655 149 693 202 IX
709 153 819 202 14-.16.
1053 147 1113 212 181

104 319 190 390 cerit,
218 335 272 392 pro
296 335 410 377 summo
433 319 555 376 crimine
577 317 745 375 damnanda
769 318 808 375 sit
831 317 928 377 minus
951 319 1116 376 necessaria

102 406 283 464 humanitas.
321 425 390 485 crgo
414 408 440 465 si
458 407 588 465 alienum
611 409 641 464 et
663 408 808 483 ignotum,
830 410 939 481 tamen,
964 426 1039 481 quae
1062 426 1115 482 pn-

102 495 180 554 blica
199 497 333 554 omnium
355 496 527 554 mortalium
550 496 660 570 quippe
687 495 740 553 sub
765 515 823 552 uno
846 496 968 570 parente
991 498 1115 554 naturae

103 585 242 662 cognatio
267 587 320 658 est,
343 585 491 643 hominem
514 584 579 642 cibo
601 585 679 641 forte
701 586 851 658 iuvissem,
873 603 970 659 poena
993 584 1116 662 dignum

82 673 256 733 svideretur
283 691 413 732 servasse
443 675 606 749 perituram
635 675 765 730 animam
793 675 822 731 et
853 675 1001 750 ignovisse
1029 673 1116 732 rebus

103 762 240 820 humanis
270 765 299 820 et
326 765 461 838 respectu
491 763 653 821 communis
682 763 813 820 omnium
840 762 927 821 fortis
955 763 1038 820 velut
1065 763 1116 820 ad-

104 855 185 910 orato
211 853 332 909 numine
352 854 381 910 et
404 854 511 925 stipem
533 851 666 926 posuisse
689 849 847 909 fortunae?
884 852 909 909 si
926 851 983 909 hoc
1007 854 1117 909 crimen

103 943 158 1015 est,
187 939 328 998 landetur
351 960 420 1016 ergo
445 940 616 1014 crudelitas,
644 940 720 997 nihil
742 939 886 998 habeatur
912 941 1018 1015 piratis
1041 941 1117 998 lani·

103 1031 217 1104 stisque
232 1028 415 1104 prudentius.
452 1029 587 1087 ferantur
604 1047 674 1087 sane
692 1029 849 1104 profutura
868 1030 996 1087 humano
1015 1031 1117 1106 generi
1132 1029 1170 1082 16

72 1117 159 1177 uduo
183 1119 333 1193 exempla:
360 1119 440 1176 intra
467 1121 530 1176 tam
552 1117 640 1176 breve
662 1120 778 1192 tempus
806 1121 928 1193 propter
952 1119 1117 1177 misericor-

103 1206 182 1264 dium
213 1207 290 1264 alter
317 1207 482 1280 abdicatus,
511 1208 587 1266 alter
615 1208 726 1265 occisus
754 1209 806 1264 est.
854 1207 933 1282 quod
957 1207 1066 1265 crimen
1092 1210 1117 1266 si

104 1295 262 1354 fatendum
284 1297 336 1368 sit,
359 1315 431 1354 num
453 1298 586 1354 animum
608 1296 682 1353 mihi
704 1297 767 1370 ipse
791 1295 874 1370 finxi,
902 1298 955 1353 aut
977 1315 1043 1354 mea
1065 1316 1117 1372 po-

103 1387 216 1443 testate
239 1386 354 1461 regitur
377 1383 519 1444 affectus?
550 1404 588 1442 an
611 1384 735 1443 arbitrio
758 1386 914 1442 formantis
937 1404 1032 1444 mores
1056 1405 1118 1444 om·

103 1475 188 1531 nium
217 1475 341 1531 naturae
369 1476 549 1549 compositus
577 1491 643 1531 cum
671 1476 791 1532 crimine
818 1494 884 1532 meo
911 1476 1000 1533 natus
1031 1473 1117 1534 sum?

67 1581 89 1622 a
101 1581 174 1621 nam
205 1562 268 1621 sive
300 1564 434 1622 caelestis
467 1562 654 1638 providentia
690 1565 751 1620 sive
782 1563 1001 1622 inrationabilis
1033 1582 1117 1623 casus

101 1652 166 1710 sive
193 1651 353 1728 adsignata
376 1652 505 1711 siderum
528 1670 616 1710 cursu
639 1651 827 1710 nascentibus
850 1652 934 1711 nobis
960 1655 1118 1712 necessitas

100 1741 201 1799 multa
227 1741 372 1799 varietate
394 1742 515 1816 pectora
537 1743 640 1800 nostra
662 1739 799 1798 distinxit
821 1759 874 1799 nec
896 1741 993 1799 minus
1016 1761 1118 1800 nume·

103 1847 188 1889 rosas
213 1830 378 1889 animorum
402 1849 491 1905 quam
514 1847 670 1905 corporum
693 1828 775 1887 dedit
796 1830 914 1888 formas.
952 1834 1023 1889 sunt
1046 1851 1118 1906 quo-

103 1938 172 1976 rnm
196 1920 309 1977 mentes
328 1919 419 1978 etiam
442 1920 611 1978 nocentium
630 1919 776 1993 supplicia
795 1919 986 1994 confundant,
1010 1920 1061 1994 qui
1079 1920 1118 1978 ad

64 2008 240 2068 nomnium
263 2009 437 2084 sanguinem
460 2008 635 2083 pallescant,
657 2006 827 2084 ignotorum
851 2027 967 2083 quoquc
991 2009 1117 2068 miseriis

103 2095 302 2155 inlacriment
340 2100 410 2156 sunt
423 2100 525 2156 contra
539 2098 591 2171 qui
609 2115 645 2154 ne
660 2114 780 2155 suorum
795 2096 913 2171 quidem
931 2100 1116 2155 miserentur.

100 2185 176 2243 mihi
200 2186 272 2243 mite
300 2188 402 2261 pectus
429 2189 460 2244 ct
481 2187 580 2244 mollis
607 2186 729 2243 affectus
753 2185 792 2243 ad
821 2204 936 2243 ornnem
966 2187 1117 2244 calamita-

99 2276 178 2331 tium
202 2278 390 2349 conspectum
412 2276 521 2334 tremit.
558 2274 620 2332 noli
642 2294 689 2331 me
713 2276 869 2333 aestimare
893 2294 961 2332 mea
983 2276 1114 2349 fortuna,

100 2365 198 2438 pater,
215 2381 274 2421 non
293 2363 386 2422 habeo
405 2363 579 2441 gladiatoris
599 2365 738 2421 animum.
773 2362 889 2421 utinam
907 2364 981 2421 mihi
996 2364 1116 2438 quidem

64 2468 88 2512 u
100 2469 192 2510 causa
210 2453 394 2528 permitteret
412 2455 454 2512 sic
477 2452 606 2530 gloriari.
640 2454 755 2510 iuvenis
775 2455 932 2527 conceptus
953 2452 1115 2527 splendidis

100 2541 289 2616 parentibus,
319 2560 386 2599 cum
413 2542 508 2601 solum
535 2547 598 2599 tam
626 2541 775 2616 speciosae
802 2542 940 2599 fortunae
968 2541 1116 2600 crederem

102 2629 233 2689 fructum
261 2647 346 2705 posse
373 2630 510 2705 prodesse
533 2633 564 2689 et
587 2633 690 2688 contra
712 2631 810 2688 varios
834 2630 1006 2688 mortalium
1030 2649 1115 2689 casus

103 2718 188 2792 quasi
210 2722 331 2795 portum
353 2718 546 2796 benignitatis
565 2720 689 2794 aporire,
713 2721 869 2794 concupivi
888 2720 1038 2793 quandam
1060 2721 1113 2777 hu-

173 2994 376 3084 rdant’nenda
394 3040 432 3096 Β,
451 3040 560 3099 capro
633 3029 780 3083 7numine
800 3042 827 3082 s:
846 3030 956 3084 numini
974 3053 996 3084 ω
1063 3048 1114 3100 po-

100 3102 201 3155 suisse:
221 3101 377 3169 porrexisse
395 3111 427 3154 M
479 3103 514 3154 si:
535 3103 578 3155 est
595 3110 616 3152 V
672 3101 849 3169 8pirataso
904 3107 936 3154 12
955 3118 1011 3155 non
1031 3112 1063 3155 Μ

100 3173 257 3236 amicums
347 3178 380 3226 13
401 3172 529 3227 formatis
548 3182 575 3226 B
662 3188 752 3226 mores
773 3184 799 3227 s:
824 3189 900 3226 more
918 3175 959 3227 cel
976 3189 1072 3227 morae
1090 3196 1113 3226 ω

101 3285 133 3334 15
156 3277 329 3332 irrationalis
349 3280 439 3335 asar
516 3284 548 3332 17
573 3262 725 3350 distinguit
747 3288 767 3331 V
837 3285 869 3333 18
894 3295 989 3347 quam:
1014 3296 1069 3348 quo
1090 3288 1118 3332 P

101 3356 133 3404 19
156 3350 349 3404 innocentium
371 3360 392 3403 V
460 3356 492 3403 21
517 3349 706 3404 inlacrimcnt:
727 3353 787 3404 -ent
805 3352 837 3404 io
854 3362 942 3405 rost
1013 3368 1064 3404 nec
1083 3361 1113 3418 1⁶3

99 3471 128 3509 se
147 3469 169 3510 o
252 3462 285 3510 22
303 3456 375 3510 mice
391 3466 419 3510 Ρ
501 3457 625 3510 omnium
644 3466 703 3509 ΒΜ
786 3422 979 3511 calamitattm
994 3466 1033 3525 83
1052 3475 1113 3510 -um

103 3536 172 3582 Vld
242 3533 276 3580 24
294 3527 408 3596 quidem
425 3527 496 3581 mihi
514 3538 545 3593 Vs
617 3533 650 3582 26
670 3545 749 3583 cum:
767 3545 826 3584 non
844 3539 866 3584 J
