2408 3840
136 191 200 255 126
460 189 635 246 CORPORIS
653 189 821 246 PROIEOTI

134 361 212 418 tates
236 359 359 418 obruere
386 362 512 436 possunt
538 380 631 418 unum
653 360 792 420 dolorem.
837 377 907 417 nem
932 357 1007 416 lucis
1030 357 1141 417 deside·

134 449 221 522 rium,
245 449 270 506 si
288 449 376 506 melis
398 451 471 508 meis
490 451 680 526 compereris,
704 449 794 507 etium
817 447 978 506 delicatum
996 447 1049 506 est.
1086 465 1143 506 non

135 536 213 596 enim
236 537 351 613 aliquid
373 558 472 597 rerum
494 541 603 597 nature
625 537 764 616 geniture
787 538 831 596 est
854 536 1023 613 spectaculo
1043 539 1143 596 nostro

134 644 256 701 novum,
280 645 315 684 ec
337 645 397 685 non
420 627 563 703 quicquid
585 627 833 704 speciosissimum
855 625 1143 702 pulcherrimumque

134 715 228 774 visuri
246 733 356 790 sumus,
369 716 507 775 vidimus.
544 716 683 775 tenebrae
700 734 806 791 nempe
825 714 946 774 cotidie:
964 733 1023 773 nox
1042 713 1144 788 oritur,
1165 729 1175 771 s

135 805 165 862 et
183 822 309 879 aequam
332 807 500 880 temporum
522 808 690 881 portionem
712 803 841 864 involvit
859 804 1034 878 obscuritas,
1058 805 1091 863 et
1113 821 1144 861 ex

133 896 219 969 purte
242 893 289 951 sui
311 895 377 968 ipsa
401 893 618 968 quodammodo
641 912 729 953 caeca
751 895 860 951 nature
878 895 930 951 est
972 894 1022 951 oui
1042 892 1143 952 alienis

134 982 227 1040 oeulis
249 982 296 1040 uti
318 983 402 1057 lieet,
426 981 541 1058 audire,
563 983 722 1059 imperare,
745 983 828 1040 euius
850 980 1025 1039 ministeriis
1049 981 1144 1040 officis

134 1090 193 1129 non
216 1068 323 1129 desunt
346 1103 388 1111 —
411 1089 471 1129 non
498 1073 577 1130 enim
605 1072 829 1130 defuerunt-
850 1070 910 1128 nisi
932 1087 963 1128 se
992 1070 1096 1148 erigit,
1118 1071 1144 1129 et

135 1159 272 1217 fortunae
295 1177 367 1218 suae
390 1160 537 1219 rationem
559 1161 666 1236 reddit,
690 1162 720 1218 et
738 1159 913 1236 praesertim
930 1160 1047 1217 intem
1069 1159 1176 1218 bonan

81 1247 118 1302 17
134 1249 287 1306 caecitatis
315 1249 507 1324 conscientia,
536 1249 627 1307 animi
653 1249 728 1309 vitio
754 1248 844 1308 miser
872 1249 924 1307 est
970 1267 1032 1308 non
1061 1247 1144 1307 debet

135 1336 233 1394 dolere
257 1338 405 1413 quispiam
428 1338 481 1414 qui
503 1341 603 1414 potest
625 1337 762 1416 gloriari:
785 1355 966 1413 quemquem
989 1337 1144 1396 cuiuslibet

135 1428 165 1483 et
188 1444 362 1502 quoeunque
385 1445 475 1486 causa
501 1427 580 1486 hunc
602 1427 754 1486 incursum
780 1444 886 1503 passae
912 1425 1011 1485 levius
1034 1427 1082 1485 est
1101 1429 1143 1485 ta·

134 1534 202 1572 men
220 1515 333 1573 malum
355 1516 490 1574 feminee.
527 1535 587 1575 non
605 1517 684 1575 enim
705 1515 865 1593 navigatis,
885 1533 947 1573 non
965 1514 1143 1592 legationem

135 1603 232 1677 obitis,
255 1623 315 1663 non
337 1604 485 1680 frequenti
508 1605 746 1684 peregrinatione
769 1603 893 1664 variatis
917 1605 1067 1680 aspectus,
1088 1619 1175 1663 nonu

134 1692 273 1751 militaris
292 1712 353 1767 vos,
376 1712 436 1752 non
458 1693 583 1753 forensis
605 1694 683 1753 ratio
707 1694 835 1753 deducit.
872 1692 1009 1768 alioquin
1031 1711 1144 1770 semper

135 1781 205 1840 estis
232 1782 312 1840 intre
339 1781 472 1857 domum,
503 1802 563 1842 uno
590 1783 754 1859 plmimum
780 1783 860 1857 loco,
891 1781 1007 1842 levibus
1040 1782 1143 1842 officiis

136 1869 257 1928 adfixae.
293 1873 380 1929 tuum
398 1871 517 1947 quidem
536 1871 686 1930 adfectum
704 1873 730 1929 si
752 1871 826 1930 bene
843 1871 923 1945 novi,
945 1871 1033 1929 nulls
1051 1871 1143 1950 magis

135 1977 224 2017 cause
243 1961 415 2019 coecitatem
434 1960 564 2035 doluisti,
588 1980 677 2036 quem
695 1959 774 2036 quod
797 1960 835 2018 ad
855 1959 1063 2019 redimendum
1084 1977 1142 2018 mu-

134 2048 226 2105 ritum
248 2048 292 2106 ire
314 2067 374 2106 non
396 2067 506 2124 posses.
1154 2062 1175 2104 ²⁰

200 2136 282 2195 Haec
308 2139 362 2195 tua
392 2139 547 2197 calamites
580 2140 653 2197 eret.
699 2139 886 2195 aestimemus
917 2154 1024 2195 mecm.
1072 2136 1144 2195 nulli

135 2226 254 2301 quidem
282 2227 402 2303 gravior
428 2229 493 2286 visa
520 2229 566 2286 est
592 2245 682 2301 quum
710 2226 775 2284 tibi.
822 2225 893 2283 cudi
920 2227 1025 2284 temen
1057 2245 1144 2303 quem

134 2316 230 2373 multe
255 2315 371 2374 inillis
396 2316 529 2392 epistolis
551 2334 611 2373 non
633 2314 808 2390 scripserim.
855 2313 952 2389 ofili,
979 2315 1013 2372 in
1038 2315 1143 2391 quibus

133 2406 163 2461 te
190 2404 277 2463 malis
304 2403 434 2481 reliqui?
478 2405 538 2462 iem
564 2404 619 2462 ille
646 2403 819 2480 principalis
847 2422 882 2462 sc
908 2404 1041 2462 maxims
1070 2405 1143 2464 dono

134 2492 221 2550 deum
244 2510 381 2551 concesse
405 2493 541 2566 libertas,
568 2511 622 2551 nec
643 2493 798 2551 hominum
821 2493 916 2552 solum
939 2492 992 2551 sed
1014 2493 1175 2552 ferarumne

133 2581 345 2658 volucrumque
373 2582 506 2641 sensibus
533 2581 592 2641 fixa
619 2583 649 2639 et
675 2583 824 2659 ingenite,
855 2583 985 2657 primum
1015 2583 1144 2658 spolium

133 2671 199 2727 fuit.
245 2690 293 2729 me
315 2673 379 2746 ipse
401 2671 526 2747 perdidi,
549 2673 651 2729 teneor
673 2671 779 2729 venale
801 2670 993 2746 mancipium,
1019 2673 1052 2729 et
1075 2673 1144 2731 civis

133 2759 284 2818 Romanus
307 2778 417 2818 merces
439 2760 488 2834 fio,
511 2762 541 2819 et
563 2759 733 2818 libertatem
751 2777 839 2817 senex
858 2757 985 2833 dedisce,
1008 2761 1040 2818 et
1058 2763 1144 2820 notus

133 2849 279 2926 ingenuus
302 2849 403 2908 venire
427 2851 505 2924 opto.
542 2850 699 2906 minimum
723 2850 781 2907 est:
803 2847 972 2906 habitemus
993 2848 1027 2906 in
1050 2849 1144 2909 flueti-

132 2936 196 3012 bus,
219 2937 335 2996 hiberni
357 2956 411 2996 nos
434 2939 535 2997 ferunt
553 2939 644 2998 venti.
679 2956 739 2996 non
762 2937 863 3011 statio,
885 2954 946 2994 non
968 2937 1065 3013 sedes,
1088 2951 1176 2997 nense

205 3148 220 3194 2
245 3143 416 3211 compararis
433 3145 543 3212 scripsi:
568 3158 744 3212 compareres
761 3151 841 3210 Βνσς
867 3157 1012 3210 comperce
1030 3150 1080 3207 m

133 3214 220 3266 etiem
239 3223 332 3268 omn
401 3213 490 3267 ehoe
507 3223 546 3281 123
565 3213 585 3265 h
603 3213 653 3268 dcl.
669 3224 699 3280 ος
723 3229 759 3267 cn
777 3215 832 3268 Bu.
905 3211 1078 3269 otenebree
1096 3229 1143 3268 on.

133 3294 216 3349 Hcyo·
284 3301 384 3355 nempe
403 3294 498 3338 om]
554 3290 586 3338 10
605 3284 730 3338 reddidit
742 3294 781 3353 33
800 3283 876 3338 cedit
889 3285 945 3338 Bu.
1012 3289 1045 3338 12
1065 3284 1144 3355 quip

133 3357 211 3424 piem
225 3369 261 3420 eo
327 3362 359 3409 13
378 3371 462 3424 possa
481 3377 499 3408 α
518 3355 572 3426 (vel
589 3371 672 3425 pesse
690 3373 765 3425 supr.
779 3357 822 3425 m)
894 3359 928 3408 14
946 3353 1103 3412 femininae
1119 3363 1145 3410 Ι

135 3433 167 3480 16
186 3427 304 3481 miliaris
322 3437 357 3494 B,
380 3430 518 3497 teupm
573 3432 605 3480 19
624 3427 911 3492 maritum:virums
964 3427 1147 3498 boponis!

133 3501 494 3568 semuncem...
565 3498 759 3553 28mercisv
827 3496 983 3552 didisse?
1053 3497 1143 3553 Βοῖο-

120 3569 205 3623 fl'unt
217 3581 258 3634 75
