2408 3840
112 182 176 245 212
325 181 431 236 DIVES
450 180 658 236 AOGVSATVS
676 179 909 235 PRODITIONIS

111 353 222 425 inquit,
246 345 316 408 ‘fuit
338 353 368 408 te
394 345 580 426 prodidisse'.
613 349 687 408 bene
711 349 856 408 admones.
894 350 973 408 hunc
995 351 1124 425 primurn

113 439 276 498 calumniae
295 443 364 498 tuae
383 439 460 498 obici
478 458 634 497 rumorem.
673 439 738 513 quis
757 440 845 515 enim,
867 438 990 512 iudices,
1013 437 1125 496 nesciat

112 529 187 587 hanc
218 529 315 587 famae
348 546 409 587 csse
436 531 588 602 naturam,
620 530 654 586 ut
684 529 724 585 sit
751 529 848 602 primo
877 529 966 586 nnius
998 526 1124 585 hominis

112 616 256 676 audacia?
302 618 337 676 de
361 617 444 676 nulla
471 637 503 676 re
531 618 647 676 locutus
671 618 716 676 est
739 618 878 675 continuo
901 615 1045 693 populus,
1073 633 1124 674 nec

113 707 271 782 quicquam
299 707 372 765 adeo
400 706 498 765 subito
527 706 687 781 statimque
713 708 812 764 totum
840 707 897 780 est,
925 708 960 763 ut
982 706 1016 762 in
1039 704 1154 763 illumi

111 796 224 871 pariter
252 797 383 854 omnium
411 814 506 854 sermo
530 796 703 854 consentiat.
750 814 839 869 quam
861 813 921 852 non
945 795 1043 869 possit
1064 811 1124 852 mo-

112 905 179 944 vere
198 884 360 960 civitatem,
375 903 464 959 quem
482 903 542 943 non
559 884 673 959 replere
691 884 844 959 populum,
863 883 889 942 si
903 883 976 959 quid
990 883 1123 943 omnibus

112 974 196 1032 nobis
219 991 329 1048 narres,
354 975 386 1031 in
408 974 491 1032 nullo
510 992 570 1031 non
593 974 678 1031 coetu
701 973 846 1047 loquaris,
870 973 900 1031 ct
922 972 958 1030 de
980 991 1013 1030 re
1037 990 1124 1048 quam

112 1082 179 1121 cum
196 1062 324 1121 maxime
346 1062 534 1139 fingas‚‚iam
552 1061 633 1121 dicas
652 1080 714 1120 esse
732 1058 901 1120 rumorem?
938 1063 1052 1136 quanta
1070 1060 1123 1119 tibi

112 1151 216 1209 deinde
239 1151 401 1210 mentiendi
423 1153 549 1209 materia
572 1151 608 1209 de
630 1150 829 1226 periculorum
851 1153 1020 1209 nostrorum
1044 1166 1154 1208 occa-u

112 1243 193 1299 sione
221 1238 386 1299 succurrit?
431 1241 507 1298 nihil
535 1242 580 1299 est
606 1243 670 1298 tam
697 1258 791 1314 capax
816 1239 1043 1316 malignitatum
1067 1257 1123 1298 ser-

112 1348 290 1404 menumque
319 1348 409 1403 quarn
436 1329 555 1388 bellum.
602 1329 675 1404 quid
700 1328 839 1403 interest²
863 1328 941 1386 unde
968 1329 1124 1404 sumpserit

112 1437 213 1476 rumor
240 1416 359 1476 ortum?
405 1418 483 1493 quod
513 1418 617 1495 negari
643 1436 704 1475 non
731 1419 843 1493 potest,
871 1419 906 1474 tu
936 1418 1123 1489 contionaris,

113 1525 241 1582 accusas
263 1510 298 1566 tu
321 1509 432 1565 crimen
455 1507 490 1566 de
513 1507 617 1567 fabula
638 1507 720 1565 facis.
757 1506 790 1563 in
811 1525 929 1564 rumore
953 1508 1036 1566 cuius
1060 1524 1122 1582 pro

112 1596 255 1670 bationes,
278 1596 360 1655 cuius
380 1599 555 1674 argumenta
573 1615 632 1654 non
654 1594 754 1669 habes
777 1595 943 1654 calumniae
966 1613 1060 1673 genus
1082 1596 1151 1653 esto

113 1687 243 1761 primum
266 1685 390 1744 credere.

80 1776 93 1828 7
181 1768 273 1847 ‘Sed’,
300 1775 411 1849 inquit,
437 1769 523 1832 ‘mori
546 1772 650 1846 debeo,
679 1775 749 1847 quia
772 1772 819 1831 lex
843 1791 901 1847 qua
926 1776 958 1831 te
982 1773 1120 1843 accusari

113 1863 167 1920 hoc
190 1862 371 1938 proditorem
394 1865 459 1939 pati
481 1856 583 1920 iubet’
629 1863 763 1937 poteram
788 1861 907 1936 quidem
929 1861 1060 1920 breviter
1079 1878 1118 1918 re·

114 1952 256 2028 spondere
278 1953 374 2030 legem
394 1970 469 2027 quac
493 1950 738 2010 calumniatorem
760 1949 839 2008 idem
861 1951 927 2026 pati
950 1951 1041 2025 iubet,
1064 1951 1118 2008 eius

113 2061 239 2118 poenam
263 2041 389 2117 exigere,
414 2040 493 2115 quod
516 2040 646 2114 fecisset,
669 2058 729 2097 non
753 2039 832 2114 quod
853 2040 952 2099 facere
975 2039 1145 2098 voluissem

114 2130 260 2208 fingamus
282 2133 384 2188 tamen
407 2148 466 2187 non
488 2129 543 2187 hoc
566 2147 727 2204 pauperem
750 2130 885 2204 captasse
910 2128 990 2204 quod
1013 2127 1117 2198 accidit

114 2220 162 2278 cui
185 2218 272 2277 dcbet
294 2219 427 2294 inputari
446 2218 541 2276 exitus
566 2219 618 2292 qui
640 2217 676 2275 de
695 2217 860 2276 calumniae
884 2219 954 2276 tuae
976 2217 1061 2276 fluxit
1081 2234 1116 2273 er-

114 2306 200 2366 rore?
245 2308 336 2366 vultis
364 2308 451 2381 scire,
481 2307 606 2380 iudices,
634 2307 717 2364 aliud
740 2307 907 2382 quaesitum
935 2326 1027 2382 quarn
1050 2300 1116 2381 quod

117 2399 164 2456 lex
188 2416 263 2471 quae
285 2398 362 2454 mori
383 2393 507 2454 iubeat?

182 2485 341 2543 Accusavit
364 2504 410 2543 me
434 2503 468 2543 eo
490 2487 623 2561 tempore
647 2503 704 2559 quo
727 2502 787 2542 non
809 2485 945 2559 poteram
970 2483 1142 2543 damnasse

116 2574 216 2632 occidi.
263 2574 311 2631 dic
338 2592 428 2632 nuno:
458 2569 528 2631 ‘non
551 2592 605 2650 ogo
633 2573 729 2646 effeci,
755 2576 790 2631 ut
818 2571 1021 2631 occiderentur
1042 2569 1116 2631 liberi

115 2659 182 2735 tui’‚
206 2666 236 2721 et
255 2662 330 2721 aude
349 2663 479 2722 civitatis
500 2662 576 2720 illud
595 2679 699 2720 vocare
718 2662 842 2736 facinus,
859 2681 919 2720 non
937 2663 1041 2721 tamen
1058 2660 1117 2719 ullis

117 2751 223 2811 efficies
252 2751 378 2825 antibus,
406 2755 521 2809 utnon
544 2752 644 2827 potius
667 2752 806 2809 miserear
832 2749 1014 2826 reipublicae
1037 2765 1119 2818 meae,

116 2861 175 2898 non
198 2842 295 2899 minus
324 2844 353 2899 et
375 2841 428 2898 illa
452 2841 566 2899 facinus
594 2843 639 2899 est
661 2859 749 2916 passa
773 2859 862 2914 quam
886 2841 982 2915 pater.
1028 2839 1120 2898 coacte

117 2933 162 2988 est
184 2930 291 2988 liberos
314 2929 502 3006 imperatoris
521 2931 665 2988 vincentis
685 2929 824 2987 occidere.
860 2928 987 3003 fallitur,
1010 2928 1149 2998 iudices!

190 3140 203 3186 1
224 3151 365 3188 ammones
381 3144 407 3186 Ρ
459 3141 474 3187 2
495 3134 570 3188 obici
585 3144 624 3200 133
644 3134 735 3188 obicio
754 3134 854 3202 reliqui
908 3136 1078 3189 tinctum«

117 3207 147 3259 in
166 3223 215 3260 ocri.
235 3216 256 3258 V
333 3205 382 3259 illo
402 3218 454 3269 syo
532 3205 764 3260 8nobisom.11
841 3221 939 3259 narras
958 3214 1017 3259 ΙΙ
1089 3203 1125 3257 lo·

117 3277 211 3345 queris
230 3295 263 3330 ex
281 3276 405 3345 loquaris
423 3286 450 3330 11
522 3283 554 3330 12
574 3277 655 3346 quid:
675 3276 713 3346 qd
731 3286 759 3330 Β
829 3282 862 3330 17
882 3279 969 3346 quate
987 3279 1016 3331 te
1034 3285 1063 3330 Ι

119 3390 151 3436 19
170 3349 282 3454 tam
353 3388 385 3436 ss
410 3383 500 3437 anua:
521 3383 631 3452 aliquid
647 3393 672 3436 s
741 3389 775 3436 24
796 3399 868 3451 quae
887 3384 960 3438 mori
978 3383 1127 3438 calumnia

117 3457 206 3508 torem
224 3455 304 3508 iubet
321 3455 420 3508 iubeat
438 3465 469 3508 Μ
520 3455 628 3510 iubeat:
648 3457 661 3507 t
678 3456 710 3508 in
722 3472 777 3509 ras.
791 3463 820 3508 Β
879 3461 913 3510 26
932 3454 989 3510 feci
1008 3464 1050 3522 13
1068 3470 1127 3525 pro·

104 3562 165 3619 feci
184 3577 207 3618 rr
279 3563 335 3622 filii
353 3563 438 3620 tuio
508 3567 542 3618 Ἡ
561 3544 625 3617 lde
644 3570 668 3614 B
734 3567 772 3614 ‘tu
787 3561 864 3614 attici
880 3571 906 3615 Ρ
