<?xml version="1.0" encoding="UTF-8"?>
<!DOCTYPE html PUBLIC "-//W3C//DTD XHTML 1.0 Transitional//EN"
    "http://www.w3.org/TR/xhtml1/DTD/xhtml1-transitional.dtd">
<html xmlns="http://www.w3.org/1999/xhtml" xml:lang="en" lang="en">
 <head>
  <title>
</title>
<meta http-equiv="Content-Type" content="text/html;charset=utf-8" />
  <meta name='ocr-system' content='tesseract 3.04.00' />
  <meta name='ocr-capabilities' content='ocr_page ocr_carea ocr_par ocr_line ocrx_word'/>
</head>
<body>
  <div class='ocr_page' id='page_1' title='image "./qvintilianiqvae01quingoog_0063.png"; bbox 0 0 2408 3840; ppageno 0'>
   <div class='ocr_carea' id='block_1_1' title="bbox 132 147 820 214">
    <p class='ocr_par' dir='ltr' id='par_1_1' title="bbox 132 147 820 214">
     <span class='ocr_line' id='line_1_1' title="bbox 132 147 820 214; baseline -0.003 -10"><span class='ocrx_word' id='word_1_1' title='bbox 132 150 175 214; x_wconf 83' lang='grc'><strong>28</strong></span> <span class='ocrx_word' id='word_1_2' title='bbox 470 147 606 204; x_wconf 82' lang='lat' dir='ltr'>GAEOVS</span> <span class='ocrx_word' id='word_1_3' title='bbox 625 147 665 203; x_wconf 85' lang='lat' dir='ltr'><strong>IN</strong></span> <span class='ocrx_word' id='word_1_4' title='bbox 683 147 820 202; x_wconf 82' lang='lat' dir='ltr'><strong>LIMINlt-</strong></span> 
     </span>
    </p>
   </div>
   <div class='ocr_carea' id='block_1_2' title="bbox 80 317 1187 2534">
    <p class='ocr_par' dir='ltr' id='par_1_2' title="bbox 80 317 1187 2534">
     <span class='ocr_line' id='line_1_2' title="bbox 80 317 1147 393; baseline 0 -16"><span class='ocrx_word' id='word_1_5' title='bbox 80 323 119 378; x_wconf 81' lang='lat' dir='ltr'><strong>lo</strong></span> <span class='ocrx_word' id='word_1_6' title='bbox 198 317 292 376; x_wconf 88' lang='lat' dir='ltr'><strong>Nefas</strong></span> <span class='ocrx_word' id='word_1_7' title='bbox 314 320 373 392; x_wconf 84' lang='lat' dir='ltr'><strong>est,</strong></span> <span class='ocrx_word' id='word_1_8' title='bbox 396 317 521 393; x_wconf 90' lang='lat' dir='ltr'><strong>iudices,</strong></span> <span class='ocrx_word' id='word_1_9' title='bbox 542 319 621 377; x_wconf 92' lang='lat' dir='ltr'><strong>hunc</strong></span> <span class='ocrx_word' id='word_1_10' title='bbox 643 319 780 377; x_wconf 89' lang='lat' dir='ltr'><strong>iuvenem</strong></span> <span class='ocrx_word' id='word_1_11' title='bbox 802 318 986 393; x_wconf 91' lang='lat' dir='ltr'><strong>reliquarum</strong></span> <span class='ocrx_word' id='word_1_12' title='bbox 1008 317 1147 377; x_wconf 86' lang='lat' dir='ltr'><strong>debilita-</strong></span> 
     </span>
     <span class='ocr_line' id='line_1_3' title="bbox 132 405 1147 483; baseline -0.001 -17"><span class='ocrx_word' id='word_1_13' title='bbox 132 409 209 466; x_wconf 87' lang='lat' dir='ltr'><strong>tium</strong></span> <span class='ocrx_word' id='word_1_14' title='bbox 230 407 345 466; x_wconf 89' lang='lat' dir='ltr'><strong>ratione</strong></span> <span class='ocrx_word' id='word_1_15' title='bbox 373 405 498 466; x_wconf 90' lang='lat' dir='ltr'><strong>defendi.</strong></span> <span class='ocrx_word' id='word_1_16' title='bbox 544 427 635 483; x_wconf 88' lang='lat' dir='ltr'><strong>quarn</strong></span> <span class='ocrx_word' id='word_1_17' title='bbox 661 406 834 466; x_wconf 81' lang='lat' dir='ltr'><strong>incredibile</strong></span> <span class='ocrx_word' id='word_1_18' title='bbox 857 409 915 482; x_wconf 85' lang='lat' dir='ltr'><strong>est,</strong></span> <span class='ocrx_word' id='word_1_19' title='bbox 942 409 978 464; x_wconf 86' lang='lat' dir='ltr'><strong>nt</strong></span> <span class='ocrx_word' id='word_1_20' title='bbox 1004 406 1147 466; x_wconf 91' lang='lat' dir='ltr'><strong>occiderit</strong></span> 
     </span>
     <span class='ocr_line' id='line_1_4' title="bbox 133 493 1146 574; baseline 0.001 -20"><span class='ocrx_word' id='word_1_21' title='bbox 133 499 250 573; x_wconf 87' lang='lat' dir='ltr'><strong>patrem</strong></span> <span class='ocrx_word' id='word_1_22' title='bbox 267 497 319 572; x_wconf 90' lang='lat' dir='ltr'><strong>qui</strong></span> <span class='ocrx_word' id='word_1_23' title='bbox 337 497 402 572; x_wconf 90' lang='lat' dir='ltr'><strong>pati</strong></span> <span class='ocrx_word' id='word_1_24' title='bbox 419 515 480 555; x_wconf 90' lang='lat' dir='ltr'><strong>non</strong></span> <span class='ocrx_word' id='word_1_25' title='bbox 497 499 606 572; x_wconf 88' lang='lat' dir='ltr'><strong>potuit,</strong></span> <span class='ocrx_word' id='word_1_26' title='bbox 628 499 664 555; x_wconf 89' lang='lat' dir='ltr'><strong>ut</strong></span> <span class='ocrx_word' id='word_1_27' title='bbox 680 493 838 572; x_wconf 79' lang='lat' dir='ltr'><strong>perderet?</strong></span> <span class='ocrx_word' id='word_1_28' title='bbox 873 514 956 574; x_wconf 83' lang='lat' dir='ltr'><strong>rogo,</strong></span> <span class='ocrx_word' id='word_1_29' title='bbox 978 495 1052 574; x_wconf 90' lang='lat' dir='ltr'><strong>quid</strong></span> <span class='ocrx_word' id='word_1_30' title='bbox 1071 515 1146 572; x_wconf 89' lang='lat' dir='ltr'><strong>opus</strong></span> 
     </span>
     <span class='ocr_line' id='line_1_5' title="bbox 133 583 1146 662; baseline 0.001 -19"><span class='ocrx_word' id='word_1_31' title='bbox 133 584 242 662; x_wconf 84' lang='lat' dir='ltr'><strong>gladio,</strong></span> <span class='ocrx_word' id='word_1_32' title='bbox 252 585 323 661; x_wconf 88' lang='lat' dir='ltr'><strong>quid</strong></span> <span class='ocrx_word' id='word_1_33' title='bbox 332 605 445 646; x_wconf 82' lang='lat' dir='ltr'><strong>veneno</strong></span> <span class='ocrx_word' id='word_1_34' title='bbox 454 583 642 661; x_wconf 78' lang='lat' dir='ltr'><strong>parricidae?</strong></span> <span class='ocrx_word' id='word_1_35' title='bbox 661 586 838 661; x_wconf 88' lang='lat' dir='ltr'><strong>quantulum</strong></span> <span class='ocrx_word' id='word_1_36' title='bbox 846 583 1146 660; x_wconf 80' lang='lat' dir='ltr'><strong>fiiitpotiusservare</strong></span> 
     </span>
     <span class='ocr_line' id='line_1_6' title="bbox 133 672 1182 751; baseline 0.003 -19"><span class='ocrx_word' id='word_1_37' title='bbox 133 672 280 734; x_wconf 83' lang='lat' dir='ltr'><strong>matrem?</strong></span> <span class='ocrx_word' id='word_1_38' title='bbox 308 676 444 751; x_wconf 88' lang='lat' dir='ltr'><strong>rapiatur</strong></span> <span class='ocrx_word' id='word_1_39' title='bbox 458 694 492 733; x_wconf 91' lang='lat' dir='ltr'><strong>ex</strong></span> <span class='ocrx_word' id='word_1_40' title='bbox 509 675 683 751; x_wconf 85' lang='lat' dir='ltr'><strong>parentibus</strong></span> <span class='ocrx_word' id='word_1_41' title='bbox 696 674 752 733; x_wconf 87' lang='lat' dir='ltr'><strong>illa</strong></span> <span class='ocrx_word' id='word_1_42' title='bbox 763 673 916 748; x_wconf 86' lang='lat' dir='ltr'><strong>infirmior,</strong></span> <span class='ocrx_word' id='word_1_43' title='bbox 934 674 990 731; x_wconf 90' lang='lat' dir='ltr'><strong>illa</strong></span> <span class='ocrx_word' id='word_1_44' title='bbox 1003 675 1146 749; x_wconf 86' lang='lat' dir='ltr'><strong>peritura.</strong></span> <span class='ocrx_word' id='word_1_45' title='bbox 1171 693 1182 735; x_wconf 83' lang='grc' dir='ltr'>ι</span> 
     </span>
     <span class='ocr_line' id='line_1_7' title="bbox 133 762 1145 840; baseline -0.001 -18"><span class='ocrx_word' id='word_1_46' title='bbox 133 763 326 840; x_wconf 88' lang='lat' dir='ltr'><strong>parricidium</strong></span> <span class='ocrx_word' id='word_1_47' title='bbox 349 764 391 823; x_wconf 90' lang='lat' dir='ltr'><strong>sic</strong></span> <span class='ocrx_word' id='word_1_48' title='bbox 413 765 510 823; x_wconf 84' lang='lat' dir='ltr'><strong>facere</strong></span> <span class='ocrx_word' id='word_1_49' title='bbox 533 764 668 840; x_wconf 82' lang='lat' dir='ltr'><strong>potuisti,</strong></span> <span class='ocrx_word' id='word_1_50' title='bbox 690 766 725 821; x_wconf 92' lang='lat' dir='ltr'><strong>ut</strong></span> <span class='ocrx_word' id='word_1_51' title='bbox 743 764 873 839; x_wconf 90' lang='lat' dir='ltr'><strong>optimus</strong></span> <span class='ocrx_word' id='word_1_52' title='bbox 895 762 975 822; x_wconf 89' lang='lat' dir='ltr'><strong>filius</strong></span> <span class='ocrx_word' id='word_1_53' title='bbox 994 762 1145 822; x_wconf 86' lang='lat' dir='ltr'><strong>videreris.</strong></span> 
     </span>
     <span class='ocr_line' id='line_1_8' title="bbox 200 851 1147 930; baseline 0 -20"><span class='ocrx_word' id='word_1_54' title='bbox 200 852 350 922; x_wconf 83' lang='lat' dir='ltr'><strong>Quantum</strong></span> <span class='ocrx_word' id='word_1_55' title='bbox 369 853 473 912; x_wconf 89' lang='lat' dir='ltr'><strong>deinde</strong></span> <span class='ocrx_word' id='word_1_56' title='bbox 496 854 611 930; x_wconf 92' lang='lat' dir='ltr'><strong>putatis</strong></span> <span class='ocrx_word' id='word_1_57' title='bbox 633 853 903 928; x_wconf 72' lang='lat' dir='ltr'><strong>inpatientissimis</strong></span> <span class='ocrx_word' id='word_1_58' title='bbox 925 851 1079 911; x_wconf 88' lang='lat' dir='ltr'><strong>affectibus</strong></span> <span class='ocrx_word' id='word_1_59' title='bbox 1098 870 1147 911; x_wconf 89' lang='lat' dir='ltr'><strong>ac·</strong></span> 
     </span>
     <span class='ocr_line' id='line_1_9' title="bbox 133 940 1147 1018; baseline -0.001 -17"><span class='ocrx_word' id='word_1_60' title='bbox 133 940 276 1001; x_wconf 84' lang='lat' dir='ltr'><strong>cessisse?</strong></span> <span class='ocrx_word' id='word_1_61' title='bbox 302 945 372 1017; x_wconf 92' lang='lat' dir='ltr'><strong>post</strong></span> <span class='ocrx_word' id='word_1_62' title='bbox 394 942 570 1001; x_wconf 90' lang='lat' dir='ltr'><strong>caecitatem</strong></span> <span class='ocrx_word' id='word_1_63' title='bbox 597 942 693 1007; x_wconf 88' lang='lat' dir='ltr'><strong>carior</strong></span> <span class='ocrx_word' id='word_1_64' title='bbox 719 944 763 1001; x_wconf 87' lang='lat' dir='ltr'><strong>est</strong></span> <span class='ocrx_word' id='word_1_65' title='bbox 785 944 879 1018; x_wconf 82' lang='lat' dir='ltr'><strong>pater,</strong></span> <span class='ocrx_word' id='word_1_66' title='bbox 903 960 970 1000; x_wconf 92' lang='lat' dir='ltr'><strong>cum</strong></span> <span class='ocrx_word' id='word_1_67' title='bbox 992 941 1025 999; x_wconf 95' lang='lat' dir='ltr'><strong>in</strong></span> <span class='ocrx_word' id='word_1_68' title='bbox 1048 941 1147 1001; x_wconf 92' lang='lat' dir='ltr'><strong>locum</strong></span> 
     </span>
     <span class='ocr_line' id='line_1_10' title="bbox 133 1031 1147 1107; baseline -0.001 -17"><span class='ocrx_word' id='word_1_69' title='bbox 133 1031 273 1091; x_wconf 89' lang='lat' dir='ltr'><strong>successit</strong></span> <span class='ocrx_word' id='word_1_70' title='bbox 301 1031 465 1106; x_wconf 83' lang='lat' dir='ltr'><strong>oculorum,</strong></span> <span class='ocrx_word' id='word_1_71' title='bbox 499 1034 529 1090; x_wconf 91' lang='lat' dir='ltr'><strong>et</strong></span> <span class='ocrx_word' id='word_1_72' title='bbox 556 1036 627 1091; x_wconf 90' lang='lat' dir='ltr'><strong>tnnc</strong></span> <span class='ocrx_word' id='word_1_73' title='bbox 655 1034 700 1091; x_wconf 91' lang='lat' dir='ltr'><strong>est</strong></span> <span class='ocrx_word' id='word_1_74' title='bbox 726 1031 845 1090; x_wconf 87' lang='lat' dir='ltr'><strong>infinita</strong></span> <span class='ocrx_word' id='word_1_75' title='bbox 872 1033 983 1107; x_wconf 85' lang='lat' dir='ltr'><strong>pietas,</strong></span> <span class='ocrx_word' id='word_1_76' title='bbox 1016 1049 1085 1089; x_wconf 91' lang='lat' dir='ltr'><strong>cum</strong></span> <span class='ocrx_word' id='word_1_77' title='bbox 1115 1033 1147 1089; x_wconf 92' lang='lat' dir='ltr'><strong>in</strong></span> 
     </span>
     <span class='ocr_line' id='line_1_11' title="bbox 132 1117 1187 1197; baseline 0.003 -19"><span class='ocrx_word' id='word_1_78' title='bbox 132 1120 186 1178; x_wconf 90' lang='lat' dir='ltr'><strong>illa</strong></span> <span class='ocrx_word' id='word_1_79' title='bbox 219 1120 325 1179; x_wconf 80' lang='lat' dir='ltr'>debeas</span> <span class='ocrx_word' id='word_1_80' title='bbox 358 1139 457 1179; x_wconf 90' lang='lat' dir='ltr'><strong>amare</strong></span> <span class='ocrx_word' id='word_1_81' title='bbox 490 1122 569 1197; x_wconf 89' lang='lat' dir='ltr'><strong>quod</strong></span> <span class='ocrx_word' id='word_1_82' title='bbox 600 1121 712 1182; x_wconf 84' lang='lat' dir='ltr'><strong>feceris.</strong></span> <span class='ocrx_word' id='word_1_83' title='bbox 758 1119 830 1196; x_wconf 91' lang='lat' dir='ltr'><strong>quid</strong></span> <span class='ocrx_word' id='word_1_84' title='bbox 862 1119 974 1194; x_wconf 88' lang='lat' dir='ltr'><strong>dicitis,</strong></span> <span class='ocrx_word' id='word_1_85' title='bbox 1010 1117 1187 1181; x_wconf 82' lang='lat' dir='ltr'><strong>iudices?ro</strong></span> 
     </span>
     <span class='ocr_line' id='line_1_12' title="bbox 132 1208 1147 1284; baseline -0.002 -16"><span class='ocrx_word' id='word_1_86' title='bbox 132 1210 293 1268; x_wconf 73' lang='lat' dir='ltr'><strong>transferet</strong></span> <span class='ocrx_word' id='word_1_87' title='bbox 311 1210 344 1267; x_wconf 92' lang='lat' dir='ltr'><strong>in</strong></span> <span class='ocrx_word' id='word_1_88' title='bbox 365 1210 481 1269; x_wconf 87' lang='lat' dir='ltr'><strong>facinus</strong></span> <span class='ocrx_word' id='word_1_89' title='bbox 503 1211 582 1268; x_wconf 89' lang='lat' dir='ltr'><strong>hunc</strong></span> <span class='ocrx_word' id='word_1_90' title='bbox 600 1210 752 1270; x_wconf 86' lang='lat' dir='ltr'><strong>caecitatis</strong></span> <span class='ocrx_word' id='word_1_91' title='bbox 772 1227 841 1268; x_wconf 89' lang='lat' dir='ltr'><strong>suae</strong></span> <span class='ocrx_word' id='word_1_92' title='bbox 864 1208 980 1268; x_wconf 86' lang='lat' dir='ltr'><strong>iuvenis</strong></span> <span class='ocrx_word' id='word_1_93' title='bbox 1003 1209 1147 1284; x_wconf 82' lang='lat' dir='ltr'><strong>favorem,</strong></span> 
     </span>
     <span class='ocr_line' id='line_1_13' title="bbox 134 1296 1146 1373; baseline 0 -18"><span class='ocrx_word' id='word_1_94' title='bbox 134 1299 172 1356; x_wconf 86' lang='lat' dir='ltr'><strong>ad</strong></span> <span class='ocrx_word' id='word_1_95' title='bbox 195 1318 283 1372; x_wconf 91' lang='lat' dir='ltr'><strong>quem</strong></span> <span class='ocrx_word' id='word_1_96' title='bbox 301 1299 408 1358; x_wconf 91' lang='lat' dir='ltr'><strong>cotidie</strong></span> <span class='ocrx_word' id='word_1_97' title='bbox 427 1299 588 1358; x_wconf 87' lang='lat' dir='ltr'><strong>laudatura</strong></span> <span class='ocrx_word' id='word_1_98' title='bbox 606 1301 711 1358; x_wconf 83' lang='lat' dir='ltr'><strong>civitas</strong></span> <span class='ocrx_word' id='word_1_99' title='bbox 730 1297 797 1373; x_wconf 72' lang='lat' dir='ltr'><strong>coit</strong></span> <span class='ocrx_word' id='word_1_100' title='bbox 821 1298 871 1356; x_wconf 91' lang='lat' dir='ltr'><strong>cui</strong></span> <span class='ocrx_word' id='word_1_101' title='bbox 889 1296 1026 1357; x_wconf 76' lang='lat' dir='ltr'><strong>adsident</strong></span> <span class='ocrx_word' id='word_1_102' title='bbox 1044 1316 1146 1357; x_wconf 90' lang='lat' dir='ltr'><strong>omnes</strong></span> 
     </span>
     <span class='ocr_line' id='line_1_14' title="bbox 133 1386 1148 1464; baseline 0.001 -20"><span class='ocrx_word' id='word_1_103' title='bbox 133 1386 233 1462; x_wconf 87' lang='lat' dir='ltr'><strong>liberi,</strong></span> <span class='ocrx_word' id='word_1_104' title='bbox 261 1407 361 1447; x_wconf 91' lang='lat' dir='ltr'><strong>omnes</strong></span> <span class='ocrx_word' id='word_1_105' title='bbox 384 1386 546 1464; x_wconf 79' lang='lat' dir='ltr'><strong>parentes?</strong></span> <span class='ocrx_word' id='word_1_106' title='bbox 572 1389 662 1447; x_wconf 86' lang='lat' dir='ltr'><strong>faciet</strong></span> <span class='ocrx_word' id='word_1_107' title='bbox 684 1405 715 1447; x_wconf 91' lang='lat' dir='ltr'><strong>se</strong></span> <span class='ocrx_word' id='word_1_108' title='bbox 738 1388 850 1464; x_wconf 87' lang='lat' dir='ltr'><strong>pariter</strong></span> <span class='ocrx_word' id='word_1_109' title='bbox 877 1387 1000 1462; x_wconf 89' lang='lat' dir='ltr'><strong>pietatis</strong></span> <span class='ocrx_word' id='word_1_110' title='bbox 1028 1389 1060 1446; x_wconf 88' lang='lat' dir='ltr'><strong>et</strong></span> <span class='ocrx_word' id='word_1_111' title='bbox 1086 1404 1148 1446; x_wconf 89' lang='lat' dir='ltr'><strong>sce·</strong></span> 
     </span>
     <span class='ocr_line' id='line_1_15' title="bbox 133 1474 1148 1552; baseline 0.002 -19"><span class='ocrx_word' id='word_1_112' title='bbox 133 1476 203 1535; x_wconf 90' lang='lat' dir='ltr'><strong>leris</strong></span> <span class='ocrx_word' id='word_1_113' title='bbox 232 1475 419 1552; x_wconf 77' lang='lat' dir='ltr'><strong>exemplum?</strong></span> <span class='ocrx_word' id='word_1_114' title='bbox 463 1477 581 1536; x_wconf 86' lang='lat' dir='ltr'><strong>facilius</strong></span> <span class='ocrx_word' id='word_1_115' title='bbox 609 1479 667 1552; x_wconf 84' lang='lat' dir='ltr'><strong>est,</strong></span> <span class='ocrx_word' id='word_1_116' title='bbox 694 1479 728 1535; x_wconf 89' lang='lat' dir='ltr'><strong>ut</strong></span> <span class='ocrx_word' id='word_1_117' title='bbox 751 1474 867 1534; x_wconf 89' lang='lat' dir='ltr'><strong>occidas</strong></span> <span class='ocrx_word' id='word_1_118' title='bbox 889 1478 1019 1552; x_wconf 79' lang='lat' dir='ltr'><strong>patrem,</strong></span> <span class='ocrx_word' id='word_1_119' title='bbox 1047 1494 1148 1551; x_wconf 89' lang='lat' dir='ltr'><strong>aquo</strong></span> 
     </span>
     <span class='ocr_line' id='line_1_16' title="bbox 134 1565 1186 1640; baseline 0.002 -17"><span class='ocrx_word' id='word_1_120' title='bbox 134 1565 174 1624; x_wconf 90' lang='lat' dir='ltr'><strong>sis</strong></span> <span class='ocrx_word' id='word_1_121' title='bbox 197 1565 261 1640; x_wconf 90' lang='lat' dir='ltr'><strong>ipse</strong></span> <span class='ocrx_word' id='word_1_122' title='bbox 284 1568 383 1625; x_wconf 82' lang='lat' dir='ltr'><strong>servat</strong></span> <span class='ocrx_word' id='word_1_123' title='bbox 422 1611 428 1623; x_wconf 89' lang='lat'><strong>.</strong></span> <span class='ocrx_word' id='word_1_124' title='bbox 1162 1583 1186 1625; x_wconf 78' lang='lat' dir='ltr'><strong>ro</strong></span> 
     </span>
     <span class='ocr_line' id='line_1_17' title="bbox 199 1653 1148 1731; baseline 0.001 -19"><span class='ocrx_word' id='word_1_125' title='bbox 199 1654 320 1713; x_wconf 86' lang='lat' dir='ltr'>Nullius</span> <span class='ocrx_word' id='word_1_126' title='bbox 352 1673 496 1729; x_wconf 87' lang='lat' dir='ltr'><strong>unquam,</strong></span> <span class='ocrx_word' id='word_1_127' title='bbox 527 1655 654 1728; x_wconf 87' lang='lat' dir='ltr'><strong>iudices,</strong></span> <span class='ocrx_word' id='word_1_128' title='bbox 685 1653 839 1730; x_wconf 88' lang='lat' dir='ltr'><strong>parricidii</strong></span> <span class='ocrx_word' id='word_1_129' title='bbox 875 1654 971 1731; x_wconf 82' lang='lat' dir='ltr'><strong>magis</strong></span> <span class='ocrx_word' id='word_1_130' title='bbox 1003 1653 1148 1713; x_wconf 81' lang='lat' dir='ltr'><strong>debuistis</strong></span> 
     </span>
     <span class='ocr_line' id='line_1_18' title="bbox 134 1737 1148 1820; baseline 0 -20"><span class='ocrx_word' id='word_1_131' title='bbox 134 1746 269 1803; x_wconf 82' lang='lat' dir='ltr'><strong>excutere</strong></span> <span class='ocrx_word' id='word_1_132' title='bbox 284 1762 395 1803; x_wconf 88' lang='lat' dir='ltr'><strong>causas.</strong></span> <span class='ocrx_word' id='word_1_133' title='bbox 420 1739 602 1820; x_wconf 74' lang='lat' dir='ltr'><strong>‘cupiditas’,</strong></span> <span class='ocrx_word' id='word_1_134' title='bbox 611 1744 719 1819; x_wconf 88' lang='lat' dir='ltr'><strong>inquit,</strong></span> <span class='ocrx_word' id='word_1_135' title='bbox 729 1738 879 1803; x_wconf 70' lang='lat' dir='ltr'><strong>‘iuvenem</strong></span> <span class='ocrx_word' id='word_1_136' title='bbox 888 1745 950 1820; x_wconf 79' lang='lat' dir='ltr'><strong>egit</strong></span> <span class='ocrx_word' id='word_1_137' title='bbox 962 1745 995 1800; x_wconf 93' lang='lat' dir='ltr'><strong>in</strong></span> <span class='ocrx_word' id='word_1_138' title='bbox 1009 1737 1148 1802; x_wconf 86' lang='lat' dir='ltr'><strong>facinus&#39;.</strong></span> 
     </span>
     <span class='ocr_line' id='line_1_19' title="bbox 134 1830 1149 1909; baseline 0.001 -20"><span class='ocrx_word' id='word_1_139' title='bbox 134 1833 189 1890; x_wconf 92' lang='lat' dir='ltr'><strong>hoc</strong></span> <span class='ocrx_word' id='word_1_140' title='bbox 212 1832 238 1891; x_wconf 91' lang='lat' dir='ltr'><strong>si</strong></span> <span class='ocrx_word' id='word_1_141' title='bbox 262 1832 412 1908; x_wconf 77' lang='lat' dir='ltr'><strong>credibile,</strong></span> <span class='ocrx_word' id='word_1_142' title='bbox 436 1834 463 1891; x_wconf 90' lang='lat' dir='ltr'><strong>si</strong></span> <span class='ocrx_word' id='word_1_143' title='bbox 484 1852 588 1892; x_wconf 88' lang='lat' dir='ltr'><strong>verum</strong></span> <span class='ocrx_word' id='word_1_144' title='bbox 612 1835 670 1909; x_wconf 82' lang='lat' dir='ltr'><strong>est,</strong></span> <span class='ocrx_word' id='word_1_145' title='bbox 694 1831 782 1890; x_wconf 88' lang='lat' dir='ltr'><strong>debet</strong></span> <span class='ocrx_word' id='word_1_146' title='bbox 803 1832 911 1906; x_wconf 81' lang='lat' dir='ltr'><strong>videri,</strong></span> <span class='ocrx_word' id='word_1_147' title='bbox 934 1830 1042 1889; x_wconf 93' lang='lat' dir='ltr'><strong>mulier</strong></span> <span class='ocrx_word' id='word_1_148' title='bbox 1064 1831 1149 1890; x_wconf 88' lang='lat' dir='ltr'><strong>heres</strong></span> 
     </span>
     <span class='ocr_line' id='line_1_20' title="bbox 134 1919 1150 1996; baseline 0 -17"><span class='ocrx_word' id='word_1_149' title='bbox 134 1923 276 1980; x_wconf 88' lang='lat' dir='ltr'><strong>maritum</strong></span> <span class='ocrx_word' id='word_1_150' title='bbox 297 1940 334 1980; x_wconf 92' lang='lat' dir='ltr'><strong>an</strong></span> <span class='ocrx_word' id='word_1_151' title='bbox 352 1923 470 1996; x_wconf 88' lang='lat' dir='ltr'><strong>patrem</strong></span> <span class='ocrx_word' id='word_1_152' title='bbox 492 1939 595 1980; x_wconf 90' lang='lat' dir='ltr'><strong>caecus</strong></span> <span class='ocrx_word' id='word_1_153' title='bbox 619 1921 813 1981; x_wconf 85' lang='lat' dir='ltr'><strong>exheredatus</strong></span> <span class='ocrx_word' id='word_1_154' title='bbox 832 1920 980 1982; x_wconf 90' lang='lat' dir='ltr'><strong>occiderit.</strong></span> <span class='ocrx_word' id='word_1_155' title='bbox 1017 1919 1150 1980; x_wconf 88' lang='lat' dir='ltr'><strong>babeant</strong></span> 
     </span>
     <span class='ocr_line' id='line_1_21' title="bbox 135 2009 1186 2086; baseline -0.001 -17"><span class='ocrx_word' id='word_1_156' title='bbox 135 2029 215 2085; x_wconf 84' lang='lat' dir='ltr'><strong>sane,</strong></span> <span class='ocrx_word' id='word_1_157' title='bbox 238 2009 359 2086; x_wconf 86' lang='lat' dir='ltr'><strong>iudices,</strong></span> <span class='ocrx_word' id='word_1_158' title='bbox 381 2010 458 2068; x_wconf 94' lang='lat' dir='ltr'><strong>hanc</strong></span> <span class='ocrx_word' id='word_1_159' title='bbox 480 2010 611 2069; x_wconf 86' lang='lat' dir='ltr'><strong>nefariae</strong></span> <span class='ocrx_word' id='word_1_160' title='bbox 635 2011 808 2086; x_wconf 81' lang='lat' dir='ltr'><strong>cupiditatis</strong></span> <span class='ocrx_word' id='word_1_161' title='bbox 831 2011 1055 2070; x_wconf 86' lang='lat' dir='ltr'><strong>festinationem</strong></span> <span class='ocrx_word' id='word_1_162' title='bbox 1073 2029 1149 2086; x_wconf 87' lang='lat' dir='ltr'><strong>quos</strong></span> <span class='ocrx_word' id='word_1_163' title='bbox 1162 2030 1186 2070; x_wconf 82' lang='lat' dir='ltr'><strong>so</strong></span> 
     </span>
     <span class='ocr_line' id='line_1_22' title="bbox 134 2098 1149 2176; baseline 0.001 -19"><span class='ocrx_word' id='word_1_164' title='bbox 134 2099 276 2157; x_wconf 88' lang='lat' dir='ltr'><strong>vitiorum</strong></span> <span class='ocrx_word' id='word_1_165' title='bbox 296 2099 391 2174; x_wconf 88' lang='lat' dir='ltr'><strong>ardor,</strong></span> <span class='ocrx_word' id='word_1_166' title='bbox 411 2117 484 2174; x_wconf 91' lang='lat' dir='ltr'><strong>quos</strong></span> <span class='ocrx_word' id='word_1_167' title='bbox 499 2098 606 2158; x_wconf 89' lang='lat' dir='ltr'><strong>cotidie</strong></span> <span class='ocrx_word' id='word_1_168' title='bbox 623 2101 741 2158; x_wconf 89' lang='lat' dir='ltr'><strong>luxuria</strong></span> <span class='ocrx_word' id='word_1_169' title='bbox 754 2101 943 2176; x_wconf 87' lang='lat' dir='ltr'><strong>praecipitat.</strong></span> <span class='ocrx_word' id='word_1_170' title='bbox 980 2117 1039 2174; x_wconf 89' lang='lat' dir='ltr'><strong>quo</strong></span> <span class='ocrx_word' id='word_1_171' title='bbox 1063 2117 1149 2158; x_wconf 88' lang='lat' dir='ltr'><strong>caeco</strong></span> 
     </span>
     <span class='ocr_line' id='line_1_23' title="bbox 133 2187 1150 2265; baseline 0.003 -22"><span class='ocrx_word' id='word_1_172' title='bbox 133 2187 329 2248; x_wconf 87' lang='lat' dir='ltr'><strong>hereditatem</strong></span> <span class='ocrx_word' id='word_1_173' title='bbox 351 2190 400 2248; x_wconf 86' lang='lat' dir='ltr'><strong>vel</strong></span> <span class='ocrx_word' id='word_1_174' title='bbox 422 2187 631 2247; x_wconf 82' lang='lat' dir='ltr'><strong>innocentem?</strong></span> <span class='ocrx_word' id='word_1_175' title='bbox 676 2190 754 2247; x_wconf 90' lang='lat' dir='ltr'><strong>oculi</strong></span> <span class='ocrx_word' id='word_1_176' title='bbox 777 2193 860 2264; x_wconf 89' lang='lat' dir='ltr'><strong>sunt,</strong></span> <span class='ocrx_word' id='word_1_177' title='bbox 884 2188 975 2262; x_wconf 85' lang='lat' dir='ltr'><strong>oculi,</strong></span> <span class='ocrx_word' id='word_1_178' title='bbox 997 2207 1053 2265; x_wconf 94' lang='lat' dir='ltr'><strong>per</strong></span> <span class='ocrx_word' id='word_1_179' title='bbox 1075 2206 1150 2263; x_wconf 92' lang='lat' dir='ltr'><strong>quos</strong></span> 
     </span>
     <span class='ocr_line' id='line_1_24' title="bbox 135 2277 1149 2354; baseline 0 -20"><span class='ocrx_word' id='word_1_180' title='bbox 135 2279 345 2353; x_wconf 83' lang='lat' dir='ltr'><strong>paupertatem</strong></span> <span class='ocrx_word' id='word_1_181' title='bbox 363 2278 440 2337; x_wconf 88' lang='lat' dir='ltr'><strong>ferre</strong></span> <span class='ocrx_word' id='word_1_182' title='bbox 458 2298 517 2338; x_wconf 93' lang='lat' dir='ltr'><strong>non</strong></span> <span class='ocrx_word' id='word_1_183' title='bbox 535 2297 704 2354; x_wconf 83' lang='lat' dir='ltr'><strong>possumus3</strong></span> <span class='ocrx_word' id='word_1_184' title='bbox 724 2279 803 2336; x_wconf 90' lang='lat' dir='ltr'><strong>oculi</strong></span> <span class='ocrx_word' id='word_1_185' title='bbox 820 2281 887 2338; x_wconf 83' lang='lat' dir='ltr'><strong>tota</strong></span> <span class='ocrx_word' id='word_1_186' title='bbox 904 2279 1008 2335; x_wconf 87' lang='lat' dir='ltr'><strong>nostra</strong></span> <span class='ocrx_word' id='word_1_187' title='bbox 1021 2277 1149 2336; x_wconf 89' lang='lat' dir='ltr'><strong>luxuria.</strong></span> 
     </span>
     <span class='ocr_line' id='line_1_25' title="bbox 133 2366 1150 2443; baseline 0.001 -20"><span class='ocrx_word' id='word_1_188' title='bbox 133 2367 166 2424; x_wconf 93' lang='lat' dir='ltr'><strong>hi</strong></span> <span class='ocrx_word' id='word_1_189' title='bbox 189 2386 243 2426; x_wconf 90' lang='lat' dir='ltr'><strong>nos</strong></span> <span class='ocrx_word' id='word_1_190' title='bbox 265 2368 297 2425; x_wconf 95' lang='lat' dir='ltr'><strong>in</strong></span> <span class='ocrx_word' id='word_1_191' title='bbox 321 2368 420 2426; x_wconf 89' lang='lat' dir='ltr'><strong>omnia</strong></span> <span class='ocrx_word' id='word_1_192' title='bbox 444 2367 551 2426; x_wconf 91' lang='lat' dir='ltr'><strong>cotidie</strong></span> <span class='ocrx_word' id='word_1_193' title='bbox 574 2369 650 2425; x_wconf 88' lang='lat' dir='ltr'><strong>vitia</strong></span> <span class='ocrx_word' id='word_1_194' title='bbox 672 2368 885 2443; x_wconf 86' lang='lat' dir='ltr'><strong>praecipitant:</strong></span> <span class='ocrx_word' id='word_1_195' title='bbox 912 2368 1070 2441; x_wconf 87' lang='lat' dir='ltr'><strong>mirantur,</strong></span> <span class='ocrx_word' id='word_1_196' title='bbox 1099 2366 1150 2424; x_wconf 88' lang='lat' dir='ltr'><strong>ad-</strong></span> 
     </span>
     <span class='ocr_line' id='line_1_26' title="bbox 135 2456 1187 2534; baseline 0 -20"><span class='ocrx_word' id='word_1_197' title='bbox 135 2459 251 2530; x_wconf 86' lang='lat' dir='ltr'><strong>amant,</strong></span> <span class='ocrx_word' id='word_1_198' title='bbox 282 2459 501 2534; x_wconf 89' lang='lat' dir='ltr'><strong>concupiscunt.</strong></span> <span class='ocrx_word' id='word_1_199' title='bbox 547 2456 666 2514; x_wconf 88' lang='lat' dir='ltr'><strong>facilius</strong></span> <span class='ocrx_word' id='word_1_200' title='bbox 693 2457 818 2532; x_wconf 86' lang='lat' dir='ltr'><strong>impleas</strong></span> <span class='ocrx_word' id='word_1_201' title='bbox 847 2456 941 2514; x_wconf 92' lang='lat' dir='ltr'><strong>animi</strong></span> <span class='ocrx_word' id='word_1_202' title='bbox 967 2457 1148 2514; x_wconf 84' lang='lat' dir='ltr'><strong>satietatem.</strong></span> <span class='ocrx_word' id='word_1_203' title='bbox 1161 2472 1187 2514; x_wconf 78' lang='lat' dir='ltr'><strong>as</strong></span> 
     </span>
    </p>
   </div>
   <div class='ocr_carea' id='block_1_3' title="bbox 134 2606 1151 2750">
    <p class='ocr_par' dir='ltr' id='par_1_3' title="bbox 134 2606 1151 2750">
     <span class='ocr_line' id='line_1_27' title="bbox 207 2606 1151 2677; baseline -0.002 -15"><span class='ocrx_word' id='word_1_204' title='bbox 207 2615 221 2662; x_wconf 89' lang='lat'>1</span> <span class='ocrx_word' id='word_1_205' title='bbox 241 2609 368 2662; x_wconf 88' lang='lat' dir='ltr'><strong>iuvenem</strong></span> <span class='ocrx_word' id='word_1_206' title='bbox 386 2625 443 2661; x_wconf 92' lang='lat' dir='ltr'><strong>non</strong></span> <span class='ocrx_word' id='word_1_207' title='bbox 461 2607 633 2676; x_wconf 87' lang='lat' dir='ltr'><strong>reliquarum</strong></span> <span class='ocrx_word' id='word_1_208' title='bbox 652 2617 694 2675; x_wconf 79' lang='grc' dir='ltr'><strong>Μ,</strong></span> <span class='ocrx_word' id='word_1_209' title='bbox 718 2609 748 2661; x_wconf 81' lang='lat' dir='ltr'><strong>ia</strong></span> <span class='ocrx_word' id='word_1_210' title='bbox 767 2625 852 2677; x_wconf 64' lang='lat' dir='ltr'><strong>marc.</strong></span> <span class='ocrx_word' id='word_1_211' title='bbox 871 2606 916 2660; x_wconf 88' lang='lat' dir='ltr'><strong>vel</strong></span> <span class='ocrx_word' id='word_1_212' title='bbox 939 2607 1000 2660; x_wconf 87' lang='lat' dir='ltr'><strong>sine</strong></span> <span class='ocrx_word' id='word_1_213' title='bbox 1020 2623 1077 2660; x_wconf 92' lang='lat' dir='ltr'><strong>non</strong></span> <span class='ocrx_word' id='word_1_214' title='bbox 1100 2623 1151 2676; x_wconf 79' lang='lat' dir='ltr'><strong>po</strong></span> 
     </span>
     <span class='ocr_line' id='line_1_28' title="bbox 134 2678 1151 2750; baseline -0.005 -16"><span class='ocrx_word' id='word_1_215' title='bbox 134 2683 190 2735; x_wconf 90' lang='lat' dir='ltr'><strong>test</strong></span> <span class='ocrx_word' id='word_1_216' title='bbox 212 2680 282 2750; x_wconf 84' lang='lat' dir='ltr'><strong>legi,</strong></span> <span class='ocrx_word' id='word_1_217' title='bbox 308 2679 383 2748; x_wconf 92' lang='lat' dir='ltr'><strong>quod</strong></span> <span class='ocrx_word' id='word_1_218' title='bbox 401 2678 501 2732; x_wconf 89' lang='lat' dir='ltr'><strong>melius</strong></span> <span class='ocrx_word' id='word_1_219' title='bbox 519 2701 551 2731; x_wconf 90' lang='lat' dir='ltr'><strong>m</strong></span> <span class='ocrx_word' id='word_1_220' title='bbox 624 2678 814 2732; x_wconf 88' lang='lat' dir='ltr'><strong>debilitatium</strong></span> <span class='ocrx_word' id='word_1_221' title='bbox 834 2679 1053 2734; x_wconf 80' lang='lat' dir='ltr'><strong>1’Golbertiuue:</strong></span> <span class='ocrx_word' id='word_1_222' title='bbox 1076 2679 1151 2730; x_wconf 89' lang='lat' dir='ltr'><strong>-tnm</strong></span> 
     </span>
    </p>
   </div>
   <div class='ocr_carea' id='block_1_4' title="bbox 134 2751 1155 3336">
    <p class='ocr_par' dir='ltr' id='par_1_4' title="bbox 134 2751 1153 3179">
     <span class='ocr_line' id='line_1_29' title="bbox 135 2751 1151 2837; baseline -0.001 -16"><span class='ocrx_word' id='word_1_223' title='bbox 135 2769 156 2837; x_wconf 84' lang='lat' dir='ltr'><strong>(i</strong></span> <span class='ocrx_word' id='word_1_224' title='bbox 174 2774 237 2822; x_wconf 79' lang='lat' dir='ltr'><strong>uate</strong></span> <span class='ocrx_word' id='word_1_225' title='bbox 254 2787 274 2820; x_wconf 89' lang='lat' dir='ltr'><strong>u</strong></span> <span class='ocrx_word' id='word_1_226' title='bbox 293 2785 328 2822; x_wconf 81' lang='lat' dir='ltr'><strong>er.</strong></span> <span class='ocrx_word' id='word_1_227' title='bbox 343 2769 379 2836; x_wconf 87' lang='grc' dir='ltr'><strong>Β)</strong></span> <span class='ocrx_word' id='word_1_228' title='bbox 399 2769 499 2836; x_wconf 79' lang='lat' dir='ltr'><strong>reliqui</strong></span> <span class='ocrx_word' id='word_1_229' title='bbox 562 2751 761 2820; x_wconf 59' lang='lat' dir='ltr'><strong>‘laeceseisses</strong></span> <span class='ocrx_word' id='word_1_230' title='bbox 784 2776 805 2819; x_wconf 81' lang='lat' dir='ltr'><strong><em>V</em></strong></span> <span class='ocrx_word' id='word_1_231' title='bbox 854 2766 898 2821; x_wconf 90' lang='lat' dir='ltr'><strong>vel</strong></span> <span class='ocrx_word' id='word_1_232' title='bbox 915 2768 981 2836; x_wconf 88' lang='lat' dir='ltr'><strong>post</strong></span> <span class='ocrx_word' id='word_1_233' title='bbox 999 2765 1151 2820; x_wconf 85' lang='lat' dir='ltr'><strong>accessisse</strong></span> 
     </span>
     <span class='ocr_line' id='line_1_30' title="bbox 135 2838 1152 2909; baseline -0.001 -18"><span class='ocrx_word' id='word_1_234' title='bbox 135 2840 185 2893; x_wconf 89' lang='lat' dir='ltr'><strong>fiat</strong></span> <span class='ocrx_word' id='word_1_235' title='bbox 198 2839 383 2909; x_wconf 85' lang='lat' dir='ltr'><strong>interrogatio</strong></span> <span class='ocrx_word' id='word_1_236' title='bbox 398 2840 427 2892; x_wconf 91' lang='lat' dir='ltr'><strong>et</strong></span> <span class='ocrx_word' id='word_1_237' title='bbox 445 2849 462 2908; x_wconf 74' lang='grc' dir='ltr'>ἡ</span> <span class='ocrx_word' id='word_1_238' title='bbox 479 2854 574 2892; x_wconf 83' lang='lat' dir='ltr'><strong>versus</strong></span> <span class='ocrx_word' id='word_1_239' title='bbox 589 2838 709 2908; x_wconf 88' lang='lat' dir='ltr'><strong>incipiat</strong></span> <span class='ocrx_word' id='word_1_240' title='bbox 726 2860 770 2904; x_wconf 88' lang='lat' dir='ltr'><strong>m;</strong></span> <span class='ocrx_word' id='word_1_241' title='bbox 790 2839 854 2907; x_wconf 79' lang='lat' dir='ltr'><strong>(alii</strong></span> <span class='ocrx_word' id='word_1_242' title='bbox 870 2840 1073 2908; x_wconf 62' lang='lat' dir='ltr'><strong>interponerent</strong></span> <span class='ocrx_word' id='word_1_243' title='bbox 1087 2843 1152 2906; x_wconf 76' lang='lat' dir='ltr'><strong>post</strong></span> 
     </span>
     <span class='ocr_line' id='line_1_31' title="bbox 135 2909 1152 2980; baseline 0 -17"><span class='ocrx_word' id='word_1_244' title='bbox 135 2911 310 2980; x_wconf 83' lang='lat' dir='ltr'><strong>eaecitatem)</strong></span> <span class='ocrx_word' id='word_1_245' title='bbox 383 2910 448 2963; x_wconf 82' lang='lat' dir='ltr'><strong>9in</strong></span> <span class='ocrx_word' id='word_1_246' title='bbox 466 2927 541 2978; x_wconf 80' lang='lat' dir='ltr'><strong>capr.</strong></span> <span class='ocrx_word' id='word_1_247' title='bbox 555 2919 594 2974; x_wconf 87' lang='grc' dir='ltr'><strong>Β;</strong></span> <span class='ocrx_word' id='word_1_248' title='bbox 614 2926 664 2963; x_wconf 85' lang='lat' dir='ltr'><strong>om.</strong></span> <span class='ocrx_word' id='word_1_249' title='bbox 680 2919 721 2975; x_wconf 72' lang='grc' dir='ltr'><strong>Μς</strong></span> <span class='ocrx_word' id='word_1_250' title='bbox 740 2909 770 2962; x_wconf 89' lang='lat' dir='ltr'><strong>in</strong></span> <span class='ocrx_word' id='word_1_251' title='bbox 789 2909 840 2962; x_wconf 91' lang='lat' dir='ltr'><strong>illa</strong></span> <span class='ocrx_word' id='word_1_252' title='bbox 858 2926 926 2964; x_wconf 85' lang='lat' dir='ltr'><strong>corr.</strong></span> <span class='ocrx_word' id='word_1_253' title='bbox 940 2914 974 2962; x_wconf 79' lang='lat' dir='ltr'><strong>ut</strong></span> <span class='ocrx_word' id='word_1_254' title='bbox 990 2909 1100 2963; x_wconf 63' lang='lat' dir='ltr'><strong>mileto</strong></span> <span class='ocrx_word' id='word_1_255' title='bbox 1117 2925 1152 2963; x_wconf 76' lang='lat' dir='ltr'><strong>cx</strong></span> 
     </span>
     <span class='ocr_line' id='line_1_32' title="bbox 135 2978 1151 3049; baseline 0.002 -16"><span class='ocrx_word' id='word_1_256' title='bbox 135 2981 193 3034; x_wconf 91' lang='lat' dir='ltr'><strong>ulla</strong></span> <span class='ocrx_word' id='word_1_257' title='bbox 216 2990 238 3033; x_wconf 80' lang='lat' dir='ltr'><strong><em>V</em></strong></span> <span class='ocrx_word' id='word_1_258' title='bbox 324 2987 356 3036; x_wconf 90' lang='lat'><strong>11</strong></span> <span class='ocrx_word' id='word_1_259' title='bbox 376 2981 541 3036; x_wconf 88' lang='lat' dir='ltr'><strong>transferret</strong></span> <span class='ocrx_word' id='word_1_260' title='bbox 558 2990 635 3034; x_wconf 77' lang='lat' dir='ltr'><strong>m</strong></span> <span class='ocrx_word' id='word_1_261' title='bbox 655 2984 680 3049; x_wconf 83' lang='lat' dir='ltr'><strong>(r</strong></span> <span class='ocrx_word' id='word_1_262' title='bbox 697 2982 747 3036; x_wconf 83' lang='lat' dir='ltr'><strong>del.</strong></span> <span class='ocrx_word' id='word_1_263' title='bbox 767 2981 931 3049; x_wconf 77' lang='lat' dir='ltr'><strong>rubricator)</strong></span> <span class='ocrx_word' id='word_1_264' title='bbox 1011 2978 1151 3035; x_wconf 81' lang='lat' dir='ltr'><strong>favorem:</strong></span> 
     </span>
     <span class='ocr_line' id='line_1_33' title="bbox 134 3049 1153 3118; baseline 0.001 -13"><span class='ocrx_word' id='word_1_265' title='bbox 134 3051 252 3106; x_wconf 83' lang='lat' dir='ltr'><strong>fororem</strong></span> <span class='ocrx_word' id='word_1_266' title='bbox 275 3062 297 3105; x_wconf 80' lang='lat' dir='ltr'>v</span> <span class='ocrx_word' id='word_1_267' title='bbox 366 3059 397 3106; x_wconf 82' lang='lat'><strong>12</strong></span> <span class='ocrx_word' id='word_1_268' title='bbox 417 3053 580 3106; x_wconf 87' lang='lat' dir='ltr'><strong>laudatura:</strong></span> <span class='ocrx_word' id='word_1_269' title='bbox 604 3052 756 3106; x_wconf 82' lang='lat' dir='ltr'><strong>laudatura</strong></span> <span class='ocrx_word' id='word_1_270' title='bbox 776 3069 792 3118; x_wconf 81' lang='lat' dir='ltr'><strong>a</strong></span> <span class='ocrx_word' id='word_1_271' title='bbox 810 3061 838 3105; x_wconf 98' lang='grc' dir='ltr'><strong><em>Β</em></strong></span> <span class='ocrx_word' id='word_1_272' title='bbox 909 3057 942 3104; x_wconf 85' lang='grc'><strong>13</strong></span> <span class='ocrx_word' id='word_1_273' title='bbox 960 3049 1051 3105; x_wconf 87' lang='lat' dir='ltr'><strong>faciat</strong></span> <span class='ocrx_word' id='word_1_274' title='bbox 1069 3066 1100 3106; x_wconf 89' lang='lat' dir='ltr'><strong>se</strong></span> <span class='ocrx_word' id='word_1_275' title='bbox 1118 3068 1153 3106; x_wconf 76' lang='lat' dir='ltr'><strong>cx</strong></span> 
     </span>
     <span class='ocr_line' id='line_1_34' title="bbox 134 3122 1084 3179; baseline -0.003 -1"><span class='ocrx_word' id='word_1_276' title='bbox 134 3129 289 3179; x_wconf 81' lang='lat' dir='ltr'><strong>correctura</strong></span> <span class='ocrx_word' id='word_1_277' title='bbox 307 3135 331 3177; x_wconf 80' lang='lat' dir='ltr'><em>J</em></span> <span class='ocrx_word' id='word_1_278' title='bbox 406 3130 439 3177; x_wconf 80' lang='lat'><strong>14</strong></span> <span class='ocrx_word' id='word_1_279' title='bbox 461 3127 495 3178; x_wconf 91' lang='lat' dir='ltr'><strong>ut</strong></span> <span class='ocrx_word' id='word_1_280' title='bbox 518 3140 568 3178; x_wconf 84' lang='lat' dir='ltr'><strong>om.</strong></span> <span class='ocrx_word' id='word_1_281' title='bbox 588 3133 609 3175; x_wconf 77' lang='lat' dir='ltr'><em>V</em></span> <span class='ocrx_word' id='word_1_282' title='bbox 679 3129 710 3177; x_wconf 76' lang='lat'><strong>17</strong></span> <span class='ocrx_word' id='word_1_283' title='bbox 735 3124 875 3177; x_wconf 85' lang='lat' dir='ltr'><strong>excutere:</strong></span> <span class='ocrx_word' id='word_1_284' title='bbox 898 3122 1039 3176; x_wconf 87' lang='lat' dir='ltr'><strong>discutere</strong></span> <span class='ocrx_word' id='word_1_285' title='bbox 1062 3131 1084 3174; x_wconf 79' lang='lat' dir='ltr'><strong><em>V</em></strong></span> 
     </span>
    </p>

    <p class='ocr_par' dir='ltr' id='par_1_5' title="bbox 134 3193 1155 3336">
     <span class='ocr_line' id='line_1_35' title="bbox 134 3193 1155 3264; baseline 0 -17"><span class='ocrx_word' id='word_1_286' title='bbox 134 3195 262 3250; x_wconf 87' lang='lat' dir='ltr'><strong>iuvenem</strong></span> <span class='ocrx_word' id='word_1_287' title='bbox 279 3197 417 3252; x_wconf 78' lang='lat' dir='ltr'><strong>deiDess.</strong></span> <span class='ocrx_word' id='word_1_288' title='bbox 474 3201 507 3248; x_wconf 91' lang='grc'><strong>21</strong></span> <span class='ocrx_word' id='word_1_289' title='bbox 526 3193 654 3262; x_wconf 74' lang='lat' dir='ltr'><strong>luxuries</strong></span> <span class='ocrx_word' id='word_1_290' title='bbox 668 3204 696 3248; x_wconf 98' lang='grc' dir='ltr'><strong><em>Β</em></strong></span> <span class='ocrx_word' id='word_1_291' title='bbox 747 3194 933 3264; x_wconf 84' lang='lat' dir='ltr'><strong>praecipitat:</strong></span> <span class='ocrx_word' id='word_1_292' title='bbox 952 3193 1114 3263; x_wconf 84' lang='lat' dir='ltr'><strong>praecipiat</strong></span> <span class='ocrx_word' id='word_1_293' title='bbox 1127 3203 1155 3247; x_wconf 80' lang='grc' dir='ltr'><strong><em>Β</em></strong></span> 
     </span>
     <span class='ocr_line' id='line_1_36' title="bbox 135 3266 1152 3336; baseline 0 -17"><span class='ocrx_word' id='word_1_294' title='bbox 135 3272 167 3319; x_wconf 92' lang='grc'><strong>22</strong></span> <span class='ocrx_word' id='word_1_295' title='bbox 187 3268 364 3321; x_wconf 85' lang='lat' dir='ltr'><strong>innocentem</strong></span> <span class='ocrx_word' id='word_1_296' title='bbox 378 3289 400 3319; x_wconf 90' lang='grc' dir='ltr'>ω</span> <span class='ocrx_word' id='word_1_297' title='bbox 420 3267 622 3336; x_wconf 81' lang='lat' dir='ltr'><strong>(ignoscentem</strong></span> <span class='ocrx_word' id='word_1_298' title='bbox 640 3268 684 3336; x_wconf 80' lang='lat' dir='ltr'><strong>J):</strong></span> <span class='ocrx_word' id='word_1_299' title='bbox 706 3266 850 3320; x_wconf 89' lang='lat' dir='ltr'><strong>innocenti</strong></span> <span class='ocrx_word' id='word_1_300' title='bbox 868 3278 903 3329; x_wconf 78' lang='lat' dir='ltr'><strong>ys</strong></span> <span class='ocrx_word' id='word_1_301' title='bbox 974 3271 1008 3318; x_wconf 84' lang='grc'><strong>23</strong></span> <span class='ocrx_word' id='word_1_302' title='bbox 1027 3281 1152 3335; x_wconf 85' lang='lat' dir='ltr'><strong>pauper-</strong></span> 
     </span>
    </p>
   </div>
   <div class='ocr_carea' id='block_1_5' title="bbox 133 3353 1156 3425">
    <p class='ocr_par' dir='ltr' id='par_1_6' title="bbox 133 3353 1156 3425">
     <span class='ocr_line' id='line_1_37' title="bbox 133 3353 1156 3425; baseline -0.002 -17"><span class='ocrx_word' id='word_1_303' title='bbox 133 3357 202 3410; x_wconf 85' lang='lat' dir='ltr'><strong>tatis</strong></span> <span class='ocrx_word' id='word_1_304' title='bbox 221 3367 250 3423; x_wconf 78' lang='lat' dir='ltr'><strong>J,</strong></span> <span class='ocrx_word' id='word_1_305' title='bbox 275 3369 369 3411; x_wconf 73' lang='lat' dir='ltr'><strong>corre</strong></span> <span class='ocrx_word' id='word_1_306' title='bbox 440 3356 580 3425; x_wconf 90' lang='lat' dir='ltr'><strong>possimus</strong></span> <span class='ocrx_word' id='word_1_307' title='bbox 598 3366 628 3424; x_wconf 78' lang='lat' dir='ltr'><strong>J,</strong></span> <span class='ocrx_word' id='word_1_308' title='bbox 651 3368 746 3410; x_wconf 70' lang='lat' dir='ltr'><strong>corre</strong></span> <span class='ocrx_word' id='word_1_309' title='bbox 817 3355 925 3409; x_wconf 89' lang='lat' dir='ltr'><strong>luxulia</strong></span> <span class='ocrx_word' id='word_1_310' title='bbox 943 3372 977 3409; x_wconf 80' lang='lat' dir='ltr'><strong>ex</strong></span> <span class='ocrx_word' id='word_1_311' title='bbox 994 3353 1109 3408; x_wconf 80' lang='lat' dir='ltr'><strong>luxuria</strong></span> <span class='ocrx_word' id='word_1_312' title='bbox 1126 3362 1156 3407; x_wconf 80' lang='grc' dir='ltr'><strong><em>Β</em></strong></span> 
     </span>
    </p>
   </div>
   <div class='ocr_carea' id='block_1_6' title="bbox 123 3445 1153 3602">
    <p class='ocr_par' dir='ltr' id='par_1_7' title="bbox 123 3445 1153 3602">
     <span class='ocr_line' id='line_1_38' title="bbox 135 3445 1153 3532; baseline -0.002 -16"><span class='ocrx_word' id='word_1_313' title='bbox 135 3468 169 3516; x_wconf 82' lang='lat'><strong>24</strong></span> <span class='ocrx_word' id='word_1_314' title='bbox 195 3463 298 3516; x_wconf 89' lang='lat' dir='ltr'><strong>cotidie</strong></span> <span class='ocrx_word' id='word_1_315' title='bbox 323 3463 353 3516; x_wconf 91' lang='lat' dir='ltr'><strong>in</strong></span> <span class='ocrx_word' id='word_1_316' title='bbox 379 3463 473 3518; x_wconf 88' lang='lat' dir='ltr'><strong>omnia</strong></span> <span class='ocrx_word' id='word_1_317' title='bbox 499 3477 513 3528; x_wconf 77' lang='grc' dir='ltr'><strong><em>β</em></strong></span> <span class='ocrx_word' id='word_1_318' title='bbox 596 3468 629 3516; x_wconf 78' lang='lat'><strong>25</strong></span> <span class='ocrx_word' id='word_1_319' title='bbox 654 3445 854 3532; x_wconf 68' lang='lat' dir='ltr'><strong>concupiscdnt</strong></span> <span class='ocrx_word' id='word_1_320' title='bbox 875 3471 903 3515; x_wconf 93' lang='grc' dir='ltr'><strong><em>Β</em></strong></span> <span class='ocrx_word' id='word_1_321' title='bbox 973 3461 1153 3515; x_wconf 78' lang='lat' dir='ltr'><strong>satietatem:</strong></span> 
     </span>
     <span class='ocr_line' id='line_1_39' title="bbox 123 3535 501 3602; baseline 0.021 -19"><span class='ocrx_word' id='word_1_322' title='bbox 123 3535 309 3587; x_wconf 79' lang='lat' dir='ltr'><strong>saturitatem</strong></span> <span class='ocrx_word' id='word_1_323' title='bbox 333 3545 371 3602; x_wconf 82' lang='grc' dir='ltr'><strong>Ρ,</strong></span> <span class='ocrx_word' id='word_1_324' title='bbox 398 3553 466 3591; x_wconf 78' lang='lat' dir='ltr'><strong>corr.</strong></span> <span class='ocrx_word' id='word_1_325' title='bbox 480 3557 501 3597; x_wconf 76' lang='lat' dir='ltr'><strong>r»</strong></span> 
     </span>
    </p>
   </div>
   <div class='ocr_carea' id='block_1_7' title="bbox 0 0 1213 3840">
    <p class='ocr_par' dir='ltr' id='par_1_8' title="bbox 0 0 1213 3840">
     <span class='ocr_line' id='line_1_40' title="bbox 0 0 1213 3840; baseline 0 0"><span class='ocrx_word' id='word_1_326' title='bbox 0 0 1213 3840; x_wconf 95' lang='lat' dir='ltr'><strong> </strong></span> 
     </span>
    </p>
   </div>
  </div>
 </body>
</html>
