2408 3840
127 157 188 222 134
427 155 631 211 TORMENTA
649 153 826 210 PAVPERIS

86 327 103 381 1
191 325 305 398 Sentio,
332 324 456 397 iudices,
483 325 644 399 plurimum
672 323 788 383 detrahi
810 321 1035 382 calamitatibus
1061 320 1131 380 meis

121 415 329 488 miserationis,
352 413 431 489 quod
454 413 563 472 advos
586 413 726 472 detulisse
745 412 848 472 videor
869 411 997 471 nimium
1024 410 1131 469 fortem

121 504 265 576 dolorem,
295 506 324 562 et
348 504 536 562 tristissimae
565 501 702 561 orbitatis
730 501 804 560 mihi
831 519 949 576 quoque
976 501 1131 559 accessisse

120 594 286 652 novitatem
310 592 397 666 quod,
421 610 488 650 cum
512 589 650 650 adversus
673 609 720 649 me
738 593 802 650 tam
824 591 930 668 gravia
953 591 983 648 et
1001 588 1132 647 crudelis

121 682 289 757 deposcam,
319 682 419 756 patior
446 680 591 739 invidiam
618 680 746 739 hominis
774 680 918 756 exigentis
946 678 1047 737 aliena
1074 681 1165 737 tor-s

120 774 228 831 menta.
274 788 332 828 uon
360 788 480 845 possum
507 771 608 828 tamen
630 770 679 827 vel
705 771 737 826 in
759 768 843 827 vobis
871 766 1038 843 approbare
1062 765 1131 841 quid

120 862 228 936 patiar,
252 859 331 934 quod
354 858 428 916 mihi
450 878 509 917 non
531 861 577 917 est
596 858 701 917 relicta
724 857 824 917 miseri
846 857 941 933 patris
964 855 1129 915 infirmitas

119 967 321 1025 percussorem
343 947 399 1005 filii
421 947 480 1005 mei
497 945 560 1005 vidi
583 949 613 1004 et
635 947 770 1007 miserior
792 965 867 1020 sum,
886 963 977 1020 quam
994 946 1022 1004 si
1040 946 1130 1004 nesci-

120 1058 182 1097 rem
215 1038 281 1112 quis
316 1037 478 1096 occidisset.
524 1036 620 1094 fateor
650 1037 757 1113 igitur,
788 1034 913 1108 iudicas,
945 1033 1009 1108 ipse
1041 1033 1131 1092 miror

120 1127 197 1184 unde
221 1126 259 1184 ad
281 1126 336 1184 hoc
358 1125 542 1200 probationis
566 1143 659 1202 genus
677 1127 798 1200 repente
816 1123 1007 1200 confugerim.
1046 1140 1166 1180 reneio

120 1235 185 1274 ram
207 1218 362 1288 tamquam
390 1214 579 1272 nuntiaturus
602 1212 739 1287 indubia,
762 1214 934 1285 manifesta,
961 1229 1016 1270 nec
1040 1212 1132 1269 alium

120 1306 322 1379 spectaveram
353 1303 540 1378 publicarum
572 1302 771 1378 suspicionum
799 1302 834 1359 de
861 1299 918 1358 filii
947 1301 1008 1358 mei
1037 1302 1131 1359 morte

120 1410 302 1464 consensum,
322 1411 412 1466 quam
431 1394 457 1449 si
474 1410 678 1467 percussorem
696 1389 835 1450 videretis
854 1407 963 1448 omues.
999 1389 1059 1463 hic,
1076 1389 1131 1461 hic,

119 1483 155 1540 ut
177 1482 339 1555 torquerer,
367 1481 475 1539 inveni.
520 1483 680 1555 postquam
703 1479 775 1539 satis
800 1498 860 1537 non
882 1476 1063 1537 videbantur
1086 1497 1130 1536 ex-

118 1571 230 1646 plicare
261 1569 351 1627 verba
379 1569 459 1644 quod
490 1569 635 1642 videram,
668 1569 789 1645 confugi
820 1567 858 1625 ad
889 1565 979 1625 fidem
1011 1566 1128 1626 doloris.
1143 1583 1165 1624 rs

120 1658 192 1733 quid
224 1658 346 1731 faciam,
378 1660 405 1716 si
436 1659 619 1716 temeritates
652 1676 769 1732 quoque
801 1657 917 1715 nostras
949 1654 1130 1714 conscientia

118 1767 236 1806 reorum
268 1766 327 1806 non
358 1750 458 1822 potest
488 1744 573 1822 pati?
618 1746 752 1804 intellexi
783 1745 972 1805 miseratione
1009 1744 1130 1817 factum,

120 1835 172 1911 qui
194 1837 228 1892 ut
254 1837 408 1911 torquerer
432 1854 597 1912 exegeram,
626 1854 660 1893 ex
688 1853 747 1910 quo
775 1854 822 1893 me
846 1834 927 1893 dives
955 1852 1015 1892 nou
1044 1835 1131 1910 putat

119 1924 201 1983 aliud
224 1925 256 1981 in
280 1925 451 2000 quaestione
474 1924 630 1983 dicturum.
675 1943 770 1999 neque
794 1943 857 2002 ego,
879 1922 1006 1996 iudices,
1031 1941 1130 1999 quem·

120 2033 210 2089 quam
223 2016 355 2072 vestrum
374 2013 509 2071 dubitare
529 2013 712 2087 crediderim,
731 2030 843 2088 exque
862 2011 1054 2086 conscientia,
1073 2031 1130 2088 qua
1141 2029 1165 2070 so

118 2101 316 2178 trepidatione
344 2103 514 2176 descendat,
544 2104 578 2160 ut
606 2103 672 2177 quis
702 2102 835 2177 torqueri
863 2100 939 2160 nolit
968 2101 1129 2160 inimicum.

120 2198 192 2267 quos
219 2210 297 2250 nunc
318 2194 432 2266 putatis
456 2191 603 2250 cruciatus
627 2190 750 2249 divitem
776 2189 855 2266 pati,
879 2210 966 2266 quem
990 2189 1130 2263 dolorem,

120 2282 198 2357 quod
225 2281 280 2339 hoc
307 2281 380 2339 mihi
407 2278 519 2358 negat?
552 2299 642 2355 quam
668 2279 759 2338 vellet
790 2279 857 2338 idco
889 2280 1010 2337 tantum
1036 2277 1130 2337 filium

117 2390 217 2428 meum
239 2389 298 2429 non
322 2370 475 2442 occidisse,
503 2372 538 2427 ut
560 2369 634 2427 mihi
660 2369 760 2444 posset
782 2368 935 2444 indulgere
959 2364 1129 2428 tormenta?

119 2479 158 2517 an
180 2460 235 2518 hoc
254 2459 381 2532 creditis,
404 2458 524 2531 iudices,
547 2457 671 2516 divitem
690 2458 786 2516 facere
805 2458 905 2534 legum
922 2455 1164 2532 libertatisqueu

118 2550 261 2623 respectu,
285 2550 315 2605 et
336 2567 420 2605 reum
441 2566 496 2622 pro
520 2547 652 2621 exemplo
677 2564 738 2605 esse
761 2542 943 2605 sollicitum?
984 2545 1039 2604 ille
1062 2563 1131 2605 vero

82 2635 197 2695 inuno
219 2637 368 2695 laceratur
389 2639 419 2694 et
441 2636 483 2694 sic
505 2637 601 2713 magis
623 2637 725 2694 nostro
744 2634 845 2694 dolore
867 2635 985 2692 irinum.
1024 2653 1131 2710 operae

118 2727 248 2800 pretium
266 2727 311 2783 est
332 2724 453 2783 inimico
471 2744 579 2801 negare
598 2725 755 2797 tormenta,
779 2743 846 2783 cum
868 2721 981 2796 feceris,
1005 2725 1041 2782 ut
1060 2722 1132 2781 velit

117 2816 181 2890 ipse
204 2815 345 2890 torqueri.
391 2813 466 2871 illud
488 2815 583 2890 igitur
606 2832 623 2871 a
646 2812 740 2886 vobis,
762 2811 886 2886 iudices,
909 2810 1131 2871 infelicissimus

191 3007 205 3053 3
229 3001 420 3055 tristissimae:
445 3001 554 3054 tissime
576 3010 597 3051 V
664 2998 735 3053 mihi
757 3021 792 3053 o:
818 2999 884 3053 inde
907 3010 923 3051 s
996 3005 1012 3052 6
1036 2999 1081 3054 vel
1103 2999 1132 3053 in

118 3071 196 3125 vobis
219 3074 328 3142 scripu:
354 3071 398 3126 vel
421 3072 451 3126 in
474 3070 555 3125 uobis
578 3090 614 3137 ‘⁰3
640 3070 684 3153 yel
705 3070 772 3124 inde
794 3070 873 3125 vobis
891 3070 965 3136 Scies
991 3073 1025 3124 nt
1047 3070 1132 3125 velim

117 3178 196 3231 vobis
213 3180 288 3245 Obr.;
307 3179 373 3232 hinc
391 3178 470 3233 vobis
484 3179 540 3232 Bu.
604 3159 680 3245 quiid
699 3186 731 3229 M
800 3183 816 3230 8
839 3193 936 3245 quam:
956 3175 1035 3245 quod
1054 3186 1083 3231 Ρ

119 3254 151 3302 12
176 3252 401 3319 exspectaveram
419 3259 478 3302 ΒΜ
540 3254 573 3302 13
596 3265 696 3316 quam:
718 3248 794 3316 quod
812 3257 839 3300 P
899 3247 1080 3301 vidissetiss

117 3320 164 3374 hic
182 3323 297 3375 alterum
313 3338 363 3375 om.
374 3331 408 3374 Μ
460 3326 492 3374 1o
512 3320 683 3374 conscicntia
697 3335 818 3372 reorum:
834 3317 1022 3372 conscientian·
1035 3334 1132 3373 eorum

117 3401 157 3457 33
185 3393 356 3447 couscientia
383 3409 478 3446 eorum
501 3400 543 3458 113
571 3390 742 3445 conscientia
769 3405 880 3458 quoque
905 3405 1016 3444 reorum
1037 3399 1064 3443 1

119 3466 152 3515 18
171 3469 234 3518 autc
252 3479 398 3533 exegeram
417 3462 480 3518 add.
496 3464 529 3517 ut
547 3475 567 3515 o
655 3467 688 3514 19
707 3461 814 3516 iudices
832 3460 907 3514 unde
926 3472 1133 3531 quemquams

117 3538 152 3589 25
173 3551 208 3587 an
226 3547 272 3597 rs:
292 3535 329 3588 ad
347 3556 365 3587 a
383 3533 516 3605 (κοπῆς
535 3536 566 3588 at
584 3545 620 3598 ss
688 3548 743 3600 que
761 3542 856 3588 oua?
