2408 3840
365 141 599 197 DECLAMA'I'IO
618 143 682 197 VIII
696 149 773 197 5-7.
1014 145 1075 209 151

60 310 171 386 obicio,
193 312 269 387 puta
291 311 488 387 luxuriosum,
510 312 674 388 perditum,
697 315 865 387 nocentem,
893 313 996 391 fingite
1019 314 1076 373 hoc

59 403 179 476 patrem
195 400 251 474 ira,
269 399 474 478 indignatione
492 401 604 476 fecisse,
624 403 770 478 qnantum
787 402 902 462 facinus
922 404 962 462 sit
979 402 1076 461 filium

59 489 202 564 occidere,
215 507 302 548 nemo
319 491 416 567 magis
434 491 547 549 fatetur
561 510 650 566 quam
665 491 717 567 qui
730 491 797 549 vult
810 491 905 550 videri
925 485 984 570 [se]
999 492 1077 550 illud

59 579 167 638 secisse
189 597 244 653 pro
266 578 337 639 filio.
1126 580 1131 591 '

31 685 44 726 e
128 667 258 742 Ecquid,
280 667 402 742 iudices,
425 667 472 726 vel
497 687 531 726 ex
553 669 609 727 hoc
631 670 712 727 totus
737 669 852 728 animus
875 669 986 742 mariti,
1010 671 1075 728 tota

57 755 250 816 nisnssimoe
282 757 416 834 coniugis
449 757 604 816 calamitas
641 758 769 833 perspici
801 760 901 833 potest
933 757 1012 833 quod
1046 776 1076 817 se

58 847 153 923 negat
164 847 256 903 matri
269 848 469 904 communium
486 846 648 904 liberorum
662 846 767 905 debere
780 844 948 906 rationem?
978 847 1078 922 placet

58 953 141 1013 ergo,
163 935 318 1008 mortales,
346 937 381 994 nt
403 935 439 994 de
461 935 644 1009 hominibus,
669 937 701 993 in
725 952 798 1010 quos
821 936 888 1010 plue
912 955 947 994 ex
969 937 1076 993 harum

58 1024 219 1102 sanguiue,
247 1042 282 1081 ex
307 1025 415 1082 barum
441 1025 551 1083 transit
579 1026 692 1098 anima,
718 1042 779 1081 non
802 1024 932 1083 habeant
959 1026 1077 1099 partem

19 1113 118 1172 renisi
150 1115 269 1171 tantum
300 1110 430 1172 doloris?
483 1113 561 1173 solos
593 1133 664 1190 ergo
701 1113 932 1172 communicabit
968 1114 1077 1172 misera

57 1202 199 1278 planctus
222 1204 253 1260 et
272 1201 312 1260 ab
331 1202 466 1261 omnibns
489 1203 621 1261 consiliIs
641 1202 747 1277 quibus
766 1202 922 1261 ordinatur
943 1204 1075 1276 iuventa,

58 1293 124 1350 vita
148 1290 324 1366 disponitur,
352 1293 492 1350 extranea
514 1290 633 1350 vilitate
656 1293 800 1366 seposita,
826 1293 905 1351 clrca
927 1309 1074 1350 maerores

57 1382 180 1438 tantum
207 1379 454 1455 lacrimarumque
481 1382 662 1439 consortium
685 1380 814 1439 orbitate
840 1379 1002 1458 iungetur?
1047 1381 1111 1440 sii

56 1469 241 1528 mehercules
268 1469 314 1528 fas
337 1472 382 1528 est
410 1469 580 1544 aestimare,
608 1471 670 1529 utri
692 1471 759 1545 plus
786 1472 906 1544 parenti
932 1470 1075 1529 debeatur

20 1574 45 1615 ra
58 1578 94 1617 ex
117 1558 233 1632 liberis,
259 1576 320 1616 non
347 1558 480 1634 improbe
502 1561 598 1617 totam
621 1561 801 1634 potestatem
829 1559 886 1618 sibi
909 1559 1074 1618 vindicab't

58 1647 195 1706 adfectus
214 1648 267 1723 qui
288 1646 389 1706 decem
411 1647 560 1707 mensibus
584 1651 653 1706 ante
672 1649 804 1706 vestram
823 1649 932 1723 incipit
950 1648 1075 1724 diligere

56 1736 213 1810 notitiam3
236 1739 354 1795 etcum
376 1755 428 1796 vos
451 1739 552 1812 patres
576 1736 719 1815 gaudium
741 1738 871 1812 primum
894 1738 987 1796 faciat
1006 1754 1074 1795 ocu-

57 1825 167 1899 lorum,
190 1827 259 1883 ante
282 1827 352 1884 sunt
370 1826 550 1885 conscientia
567 1827 686 1885 matres.
724 1825 839 1885 facinus
858 1828 904 1885 est
920 1826 988 1885 ideo
1006 1828 1074 1884 tan·

56 1917 125 1972 tum
147 1914 208 1973 illis
231 1916 328 1974 minus
350 1914 453 1988 licere,
482 1916 553 1990 qnia
575 1917 672 1974 minus
695 1915 792 1974 facere
815 1915 974 1975 sufficiunt.
1021 1935 1073 1975 vos

16 2021 43 2061 ae
57 2005 131 2062 estis
150 2004 203 2079 qni
225 2005 386 2062 crescentes
405 2003 500 2062 adhuc
522 2005 555 2062 in
577 2005 839 2080 peregrinationes,
863 2006 915 2079 qui
936 2006 998 2062 iam
1022 2004 1073 2062 ad-

56 2093 139 2151 ultos
166 2094 198 2150 in
228 2094 325 2151 castra
353 2111 530 2170 magnorum
557 2096 715 2168 parentum
745 2095 880 2152 vanitate
910 2093 1071 2152 dimittitis.

57 2181 231 2240 erubescitis
250 2181 403 2240 desideriis
425 2183 581 2257 tamquam
599 2181 773 2240 infirmitate
797 2184 835 2255 et,
854 2181 932 2240 unde
950 2183 1072 2240 velocis-

56 2273 151 2330 simus
177 2272 322 2330 transItus
349 2271 449 2330 estin
475 2272 618 2348 rigorem,
645 2270 754 2330 liberos
778 2271 869 2329 vultis
896 2288 996 2329 amare
1019 2289 1072 2346 pa-

56 2360 176 2418 tientia.
221 2378 311 2435 quam
338 2360 435 2418 multa
461 2359 528 2418 ideo
555 2362 675 2418 tantum
699 2359 734 2417 de
762 2359 831 2418 filiis
860 2359 972 2433 facitis,
1001 2361 1073 2433 quia

15 2465 42 2506 aa
56 2449 143 2508 lIcetz
167 2449 197 2507 et
214 2449 399 2523 frequentius
416 2450 575 2524 potestatis
594 2451 710 2507 vestrae
728 2449 899 2522 iactatione,
917 2450 1073 2524 tamquam

56 2538 162 2612 aliquo
193 2539 351 2614 gravitatIs
384 2556 489 2615 genere
522 2537 702 2613 delinquitis.
749 2556 808 2596 non
839 2537 930 2595 habet
960 2537 1072 2596 orbitas

131 2676 146 2724 1
167 2669 255 2724 abitio
270 2680 307 2737 M,
326 2670 356 2724 in
374 2670 439 2724 aliie
452 2671 491 2724 h?
504 2671 596 2725 obicio
615 2688 690 2740 supr.
706 2693 738 2723 m
791 2671 968 2725 innocentem
986 2680 1019 2735 Va

56 2777 157 2847 fingiie
179 2794 213 2832 ea
230 2777 321 2848 fugite
340 2787 367 2830 Β
437 2783 453 2830 2
476 2777 517 2831 ire
536 2786 569 2830 Μ
639 2783 654 2831 5
678 2777 791 2846 ecquid:
813 2743 935 2864 hchuid
949 2787 987 2844 33
1006 2778 1072 2832 hec·

54 2866 127 2938 qnid
145 2875 194 2934 Vo;
213 2867 344 2936 equidem
358 2875 391 2919 Μ
442 2872 457 2919 7
476 2866 641 2920 liberorum:
661 2882 692 2919 or
710 2867 742 2920 iu
759 2884 814 2921 ras.
829 2877 868 2932 133
886 2866 1022 2924 librorum
1037 2876 1071 2933 P,

54 2991 126 3030 corr.
139 2995 161 3035 ρ
231 2945 350 3027 iotiotm
368 2982 400 3025 11
470 2977 503 3026 10
525 2972 593 3027 nisi:
613 2973 637 3026 si
655 2983 684 3026 Β
755 2979 788 3027 12
806 2974 865 3028 vita
883 2989 927 3028 res
946 2974 1073 3042 disponi-

55 3048 103 3100 tur
125 3053 148 3098 V
210 3043 336 3098 utilitate
355 3056 375 3097 o
440 3045 582 3114 sepo{sita
603 3053 625 3096 V
694 3050 727 3098 13
746 3045 897 3113 iungentur
915 3045 1072 3110 BVe31un-

55 3118 163 3187 guntur
175 3125 201 3171 J
252 3122 286 3170 14
303 3115 346 3169 uti
364 3123 387 3168 V
432 3121 465 3169 15
483 3115 646 3178 vendicabit
662 3125 692 3182 V;
711 3115 868 3169 vindicabis
881 3125 907 3168 J
954 3120 987 3170 18
1006 3132 1072 3169 con-

56 3204 177 3278 scienti⁸
194 3232 223 3275 B
243 3225 328 3293 (supr.
348 3223 389 3306 τῆς
416 3221 526 3276 conscie
545 3232 586 3288 11,
609 3221 654 3276 vel
679 3222 850 3276 conscientia
875 3238 1021 3305 cupam

58 3300 91 3349 19
112 3294 206 3348 minus
224 3292 309 3348 licere
326 3293 385 3347 illie
407 3302 429 3345 V
515 3298 549 3346 20
573 3294 717 3347 credentes
736 3305 757 3346 o
844 3298 877 3346 23
901 3294 1072 3374 patientiam

56 3403 219 3467 nemim
236 3400 366 3484 potentia
384 3401 452 3483 na..
500 3405 534 3454 ae
552 3367 675 3455 aitarens
693 3411 721 3453 n
742 3452 762 3484 ⁸,
781 3406 814 3454 ee
833 3366 981 3483 pausam
1000 3399 1038 3470 (vi

55 3473 231 3598 51:343.)ss
272 3471 467 3540 derahnqmt1s
485 3480 535 3523 Β·
569 3471 975 3526 non-lacnmasmrcs.13
1028 3488 1073 3525 or-
