2408 3840
130 147 197 211 20?
399 144 617 199 servium
633 145 880 201 melitum

131 318 245 391 quanto
266 315 385 373 sanlius
408 332 483 390 opus
505 318 580 387 erat,
602 315 629 372 si
649 312 864 373 revocaretur?
901 332 972 373 rnox
992 314 1026 372 in
1046 315 1140 390 ipsam

131 404 241 463 dicium
270 404 438 462 incubuisse
468 422 581 478 pronus
611 422 719 461 urnam
749 408 781 462 et
806 405 888 462 inter
912 421 982 462 on
1006 405 1038 461 et
1066 403 1140 461 inter

132 493 243 551 oneres
265 492 357 551 verba
377 492 508 552 clusisse
543 494 600 551 boc
621 496 722 551 tamen
744 491 871 552 subinde
891 492 1054 568 respiciens
1076 510 1140 550 con-

130 582 283 640 fitebatur:
313 585 462 659 repugnat
488 581 603 640 umbra
646 583 751 657 iusque
777 580 959 640 curminibus
981 600 1044 640 non
1070 581 1140 640 satis

98 670 227 765 credo
248 670 446 748 praefigamus
469 688 555 728 omne
576 671 687 729 tumuli
708 671 789 729 latus
810 674 843 728 et
862 671 959 729 multo
979 669 1141 729 vincimus
1162 690 1171 732 s

132 779 203 819 saxa
224 760 310 819 ferro
351 760 412 817 iam
434 760 509 818 bene
531 759 631 833 hebet,
653 761 802 835 expiravit
823 758 995 860 aliquando,
1016 778 1077 817 non
1098 758 1141 816 vi·

130 848 203 916 (leri,
222 868 282 908 non
299 849 440 925 progredi
456 852 564 924 potest
600 867 640 906 an
656 851 794 922 mentiar,
807 848 882 906 scios
898 848 1037 923 proxime
1048 850 1140 906 nocte.

132 956 233 997 omnes
250 938 431 997 mehercules
453 942 600 1012 parentes,
622 937 729 1012 utique
747 938 800 1012 qui
816 936 925 997 liberos
942 937 1141 1013 perdiderunt

132 1029 175 1085 ire
197 1027 230 1085 in
251 1028 326 1086 istos
348 1027 458 1101 oculos,
480 1027 512 1084 in
535 1027 596 1085 ista
617 1045 671 1084 ora
693 1026 847 1085 debebant

80 1114 119 1171 10
199 1116 245 1173 Tu
268 1116 310 1175 sie
331 1115 429 1174 filium
450 1119 536 1173 tuum
556 1117 681 1188 elusisti,
703 1119 858 1190 tamquam
880 1118 1020 1174 nocentes
1038 1113 1078 1172 ad
1098 1115 1141 1172 in-
1154 1133 1175 1175 rc

131 1205 210 1264 feros
232 1205 366 1264 revocari
387 1206 504 1264 soleant
525 1204 643 1262 animae
665 1223 742 1279 quae
764 1206 844 1263 iuter
868 1203 1077 1282 languentium
1098 1204 1141 1262 fa·

131 1293 246 1353 millam
282 1296 313 1352 et
346 1293 448 1353 tristes
484 1295 638 1368 penatium
668 1293 786 1352 morbos
816 1311 913 1370 vagae
953 1297 1141 1368 errantesque

131 1384 248 1460 magica
265 1383 400 1442 vaniffle
418 1381 597 1458 captentur?
632 1383 778 1458 laqueone
796 1383 890 1440 vitam
909 1381 1069 1441 damnatus
1091 1381 1141 1440 eli·

132 1470 233 1531 serat?
276 1472 397 1531 noxium
417 1492 472 1548 per
493 1490 548 1531 sua
570 1473 685 1530 viscera
707 1475 846 1548 exegerat
865 1469 1010 1529 ferrum?¹
1047 1489 1087 1528 an
1108 1489 1142 1529 ex

132 1561 311 1620 conscientia
333 1579 448 1620 venena
470 1559 732 1637 praesumpserat?
757 1579 812 1619 noc
837 1560 1001 1636 recipiebat
1026 1578 1059 1619 se
1084 1559 1174 1620 nisiu

132 1652 261 1709 cumino
283 1649 437 1710 inclusus?
473 1649 591 1726 quando
610 1649 731 1708 domum
747 1652 832 1708 tuam
848 1650 988 1708 funereus
1007 1652 1039 1708 et
1056 1667 1141 1723 squa-

131 1738 218 1813 lidus,
241 1738 359 1815 quando
382 1742 412 1798 te
435 1736 563 1798 terruit?
608 1738 809 1797 crudelissime
831 1740 966 1796 omnium
986 1740 1084 1813 pater,
1106 1737 1141 1795 de

132 1827 193 1885 filio
215 1831 269 1887 tuo
291 1829 403 1887 melam
424 1828 560 1887 umbram
581 1828 687 1887 fecisti
733 1845 807 1903 quas
829 1846 909 1885 nunc
929 1829 1020 1902 putes
1042 1825 1141 1885 uxoris

132 1918 313 1976 miserrimae
339 1936 403 1976 esse
431 1914 648 1995 cogitationes?
680 1935 740 1992 qua
770 1919 907 1975 materna
931 1916 1048 1975 viscera
1077 1934 1142 1992 per·

132 2007 268 2065 suasione
299 2005 455 2083 torqueri?
503 2025 581 2065 nunc
611 2005 691 2064 filins
722 2023 805 2064 meus
837 2005 901 2064 illio
932 2004 1011 2063 unde
1043 2005 1177 2065 venirene

132 2098 338 2170 consueverat,
365 2096 443 2154 ieret
466 2095 601 2168 strictus,
624 2095 779 2172 ulligatus‚
805 2095 963 2169 inpatiens.
1010 2094 1144 2169 queritur

132 2185 230 2245 subito
249 2187 360 2243 terram
378 2185 554 2261 graviorem,
572 2185 677 2260 utiquo
696 2203 763 2242 cnm
780 2185 873 2242 sentit
884 2182 1000 2242 venisse
1018 2186 1144 2256 noctem,

133 2273 251 2351 quando
274 2273 396 2332 umbrae
419 2274 565 2332 feliciores
588 2273 780 2332 dimittuntur
798 2271 836 2330 cd
859 2273 978 2330 matres.
1016 2275 1050 2330 at
1067 2291 1144 2346 vero,

132 2363 157 2422 si
177 2382 236 2439 qua
254 2363 332 2421 inter
349 2381 451 2421 manes
470 2363 628 2438 conloquia
646 2364 779 2420 sunt-
797 2364 827 2420 et
846 2379 908 2420 esse
926 2359 1013 2419 credo
1032 2393 1071 2402 -
1087 2379 1144 2421 non

133 2451 216 2511 deest
239 2452 290 2527 qui
312 2453 412 2510 iuveni
434 2471 500 2511 mco
519 2452 612 2510 dicat:
637 2447 739 2526 ‘quam
757 2451 826 2510 vilis
844 2451 906 2508 tuis
926 2449 1020 2508 fuisti.
1057 2466 1177 2526 quamn

133 2540 259 2599 libenter
281 2544 311 2598 te
334 2540 533 2616 perdiderunt.
580 2537 673 2614 quid?
698 2540 753 2597 illa
779 2541 883 2613 mater,
915 2537 954 2596 od
981 2557 1073 2613 quam
1104 2540 1145 2597 ire

133 2647 339 2703 consueveras,
371 2630 425 2688 has
452 2629 509 2689 tibi
540 2632 672 2703 catenas,
703 2629 777 2686 hace
808 2627 927 2686 uneurla
955 2645 1010 2702 pro
1041 2630 1145 2688 merito

132 2713 293 2776 reddidit?⁹
339 2719 383 2776 ita
410 2717 614 2777 infelicissima
641 2719 774 2776 omnium
796 2718 912 2791 mulier,
940 2720 970 2775 et
991 2716 1019 2775 si
1041 2735 1145 2795 magus

205 2941 407 3028 1ιοιοοιιιοιξ
423 2968 455 3011 Β
519 2958 651 3013 tverbe:
670 2958 770 3013 umbra
788 2968 808 3011 s
826 2945 907 3028 (iibra
920 2960 956 3028 Β)
1010 2957 1146 3011 ιιιιιιιιι,

134 3031 360 3084 -carminibus:
383 3030 479 3098 itaque
504 3030 604 3084 umbra
630 3030 760 3084 carnibus
779 3030 921 3100 (·nibus'
909 3047 941 3083 m
962 3031 1030 3097 rus.)
1048 3037 1077 3082 Β

134 3102 266 3170 tutique
284 3119 334 3156 om.
349 3110 383 3168 Β,
402 3112 509 3171 supro
564 3101 744 3155 9debebent
762 3118 795 3155 cc
813 3101 994 3155 dibebant!
1049 3105 1083 3153 10
1100 3102 1144 3153 ιιι·

133 3174 234 3238 tunes
297 3179 329 3227 11
348 3188 511 3239 revocares
570 3171 729 3242 lugentium
746 3182 771 3225 J
826 3177 859 3225 13
878 3171 1053 3225 venium:
1072 3169 1145 3225 suni·

132 3245 193 3298 tete
212 3266 234 3297 ω
318 3247 468 3312 captentur
485 3265 520 3296 o
540 3245 709 3312 optanturs
795 3248 829 3296 14
846 3259 931 3326 super
949 3259 1000 3296 sue
1017 3250 1079 3296 ΒΙ

135 3320 168 3368 lc
187 3317 265 3369 tuam
283 3333 333 3370 orn.
349 3329 364 3380 β
439 3321 504 3385 post
521 3315 667 3382 squalidus
685 3315 749 3369 add
764 3314 879 3383 repetiit
900 3323 921 3366 V
994 3318 1028 3366 1¹1
1047 3315 1076 3367 te
1093 3329 1144 3367 err.

133 3395 161 3439 Β
247 3386 359 3442 terruit:
383 3386 453 3439 fruit
471 3395 499 3438 Ρ
580 3388 662 3454 pater
687 3385 811 3440 omnium
830 3394 872 3452 ¹¹3
897 3384 1023 3439 omniurn
1046 3401 1096 3439 on.
1110 3392 1145 3449 Β,

132 3468 240 3527 supro
312 3462 345 3512 18
363 3457 538 3512 melamom
553 3467 586 3525 Β,
606 3469 713 3527 cupro
785 3456 975 3509 ιιιοιιίιον
1044 3454 1145 3524 toqui

133 3546 208 3599 supr
227 3538 248 3581 V
315 3529 411 3601 dicet}
430 3539 457 3582 Β
914 3562 917 3567 -
