2408 3840
120 135 186 198 214
335 132 443 188 DIVES
461 132 669 188 ACCVSATVS
687 131 921 188 PRODITIONIS

119 323 191 361 num
214 304 370 362 atrocitate
393 304 524 378 metitm,
550 303 637 361 nulla
662 321 758 378 poena
781 305 827 362 est
851 302 910 362 nisi
933 304 1038 363 invito.
1074 320 1126 360 non

119 391 260 451 hahemus
278 391 382 467 ullum,
404 393 463 450 nisi
482 391 519 450 ab
536 391 728 468 impatientia
745 392 886 465 dolorem,
909 396 949 468 et,
968 393 1002 451 ut
1019 390 1127 467 aliquid

120 480 245 554 crudele,
268 498 389 540 saevum
412 483 461 554 sit
483 484 580 539 metus
602 481 725 539 faciunt.
771 481 953 557 supplicium
977 483 1128 557 quisquam

118 572 218 643 vocat,
247 569 285 627 ad
313 570 392 645 quod
419 567 595 646 prosilitur?
622 570 701 645 quod
728 567 916 646 exposcitur?
948 569 1030 646 quod
1058 571 1128 629 circa

118 677 149 717 se
166 678 227 717 non
244 658 335 719 habet
352 656 472 718 moras?
507 659 570 734 illo,
588 678 642 735 per
659 658 757 732 fidem,
776 659 829 718 illo
846 659 960 718 trahite
978 658 1128 718 damnatos
1148 676 1157 716 s

119 767 177 823 quo
204 767 265 806 non
292 751 462 824 sequantur.
507 751 578 806 tunc
601 750 647 807 est
668 766 778 824 poena,
806 767 873 806 cum
896 748 1049 824 periturus
1076 751 1128 806 tra·

118 836 211 914 pidet,
234 838 344 912 haeret,
367 855 434 896 cum
451 837 607 914 restringit
628 855 765 913 supremo
784 837 884 896 vincla
906 838 1025 896 conatu.
1066 837 1128 896 volo

118 928 243 1002 perituri
261 928 344 1003 prius
361 927 461 986 videre
480 927 634 1003 pallorem,
648 926 751 985 audire
769 926 907 1003 gemitus,
919 926 990 985 volo
1009 929 1127 985 circum·

118 1017 234 1091 spiciat,
256 1016 325 1074 volo
348 1018 498 1091 queratur.
543 1014 632 1073 fidem
654 1017 798 1089 vestram,
823 1014 944 1090 iudices,
967 1034 1004 1073 ne
1028 1034 1127 1074 nocen-

117 1105 196 1162 tibus
224 1105 364 1180 supplicii
391 1107 437 1162 sui
465 1105 619 1181 contingat
646 1104 759 1163 electio.
804 1106 902 1163 minus
933 1104 1048 1162 inicum
1079 1106 1157 1178 estro

117 1196 151 1251 ut
178 1193 285 1252 evadat
311 1211 418 1252 nocens
447 1211 574 1268 poenam
601 1211 692 1269 quam
718 1195 753 1251 ut
780 1196 958 1252 contemnat.
1006 1195 1127 1252 mortam

117 1301 186 1341 vero
214 1282 363 1341 damnatis
387 1282 521 1357 quisquis
549 1284 696 1358 praestat,
722 1281 871 1359 indulget,
898 1300 954 1341 nec
977 1286 1049 1342 sunt
1073 1281 1127 1341 alia

117 1370 259 1430 beneficia
281 1390 452 1447 poenarum.
489 1370 606 1429 fallitur
629 1371 763 1447 quisquis
785 1371 870 1429 illam
892 1372 977 1430 velut
1000 1373 1127 1431 omnium

117 1460 330 1536 suppliciorum
357 1479 503 1518 summam
530 1462 626 1536 putat.
671 1459 766 1518 occidi
791 1477 851 1518 non
881 1463 925 1518 est
955 1478 1054 1537 poena
1081 1458 1127 1520 sed

117 1551 221 1608 exitus.
257 1549 450 1623 nequeenim
472 1549 564 1607 habet
584 1548 805 1625 impatientiam
828 1551 881 1607 aut
898 1549 1032 1609 dolorem
1053 1547 1156 1625 quodie

116 1639 211 1713 possis
244 1638 373 1713 aspicere
401 1639 487 1712 quasi
519 1637 623 1696 fatum.
670 1637 743 1712 quid
774 1638 800 1696 si
830 1637 939 1696 liberos
968 1639 1125 1714 relinquas,

116 1729 207 1784 immo
226 1727 252 1784 si
270 1724 388 1785 serves?
412 1746 502 1801 quam
524 1727 596 1784 felix
615 1727 711 1785 exitus
729 1729 775 1785 est
792 1727 957 1802 plenusque
975 1724 1125 1786 laetitiae?

116 1816 264 1874 lucrifacit
290 1817 394 1874 mortis
422 1818 623 1890 atrocitatem,
647 1816 781 1890 quisquis
808 1814 949 1874 laudatus
977 1817 1124 1877 occiditur.

82 1904 99 1958 9
185 1898 266 1978 ‘Me',
299 1905 408 1980 inquit,
438 1899 593 1963 ‘occidite'
639 1923 699 1962 non
728 1902 819 1962 habet
846 1903 970 1980 liberos,
1001 1908 1123 1979 inimice,

116 1993 289 2051 nonhabet
311 1993 445 2068 quisquis
468 1994 524 2052 hoc
548 1997 578 2052 te
601 1993 678 2053 velle
700 1994 834 2051 miratur.
876 2011 972 2069 saeve,
996 1994 1153 2067 crudeliaa

116 2102 170 2159 ego
189 2082 245 2141 tibi
263 2084 435 2159 permittam
455 2083 540 2157 mori,
563 2085 597 2140 ut
616 2083 687 2157 quid
705 2084 767 2140 iam
784 2080 859 2139 mihi
880 2082 988 2142 melius
1007 2078 1122 2160 optem?

115 2172 196 2231 rides
216 2175 361 2247 quantum
378 2173 482 2231 feceris
500 2169 604 2231 nefas?
640 2172 718 2230 idem
737 2189 791 2247 pro
811 2170 913 2230 liberis
931 2173 1006 2231 meis
1025 2173 1121 2232 offerre

115 2280 175 2319 non
197 2263 289 2337 potui.
331 2265 364 2319 tu
387 2280 457 2319 vero
480 2262 620 2337 parvulos
643 2264 710 2320 tuos
733 2263 810 2335 tene,
833 2262 922 2318 utin
944 2261 1004 2320 isto
1027 2261 1121 2338 potius

115 2351 281 2408 moriantur
310 2349 456 2426 amplexu.
501 2353 535 2408 tu
567 2367 645 2408 nunc
677 2368 793 2425 quoque
824 2367 884 2408 non
917 2350 1039 2426 evades,
1070 2367 1120 2408 non

115 2440 244 2517 effugies.
291 2457 465 2515 quacunque
488 2442 518 2497 te
541 2438 657 2497 duxerit
679 2439 805 2513 orbitas,
829 2457 946 2513 sequar,
970 2438 1147 2511 effundamc

115 2528 237 2603 siquod
256 2530 407 2604 paraveris
426 2546 580 2601 venenum,
603 2526 777 2586 subtraham
798 2546 884 2586 omne
907 2528 1033 2603 fenum,
1056 2527 1120 2586 inci·

116 2617 184 2675 dam
207 2635 396 2692 quoscunque
420 2616 571 2675 strinxeris
595 2635 694 2690 nexus,
719 2617 755 2675 ab
774 2617 856 2674 omni
874 2616 1020 2676 revocabo
1044 2634 1120 2694 prae

55 2752 57 2755 .
115 2707 226 2782 cipitio.
271 2708 363 2764 etiarn
386 2706 488 2764 occisis
511 2704 612 2764 liberis
634 2705 694 2764 tuis
719 2724 779 2763 non
805 2705 884 2764 idem
907 2707 1044 2782 patieris,
1071 2705 1120 2764 ini·

185 2880 201 2927 5
225 2892 275 2943 per
293 2876 389 2967 fidem:
408 2875 532 2944 perfido
551 2883 589 2941 Β;
608 2890 658 2942 pro
678 2873 761 2927 fidem
784 2884 813 2942 νς
836 2874 956 2942 perfidos
976 2885 1008 2928 Β
1077 2874 1120 2929 illo

115 2998 164 3036 cm.
180 2992 217 3047 M,
237 2983 299 3036 add.
315 3004 347 3034 m
427 2964 830 3050 6seq3ntu1133scquuntur
849 2990 880 3033 Β
958 2964 1121 3052 clmperitu-

114 3071 161 3106 rus
179 3062 207 3106 Β
287 3059 372 3107 ‘loon
393 3063 419 3105 P
496 3052 628 3120 restingit
645 3061 673 3105 Β
753 3052 914 3105 Saudirem
932 3060 961 3105 Β
1041 3055 1122 3108 circo

116 3125 218 3193 spiciat
235 3134 263 3177 Ρ
329 3131 361 3179 10
380 3124 485 3178 inicum
503 3133 541 3178 B:
561 3124 689 3191 iniquum
707 3133 724 3174 Β
742 3126 823 3178 ceteri
894 3129 926 3177 ia
946 3124 1011 3192 quis
1028 3134 1060 3179 Ι

117 3202 148 3248 16
171 3195 274 3250 liberos
298 3212 392 3250 omnes
411 3206 436 3249 J
506 3201 537 3249 17
562 3196 618 3249 imo
637 3203 665 3247 Β
736 3200 768 3247 21
792 3195 967 3263 permittes
1037 3200 1071 3251 nt
1092 3218 1122 3250 a:

115 3268 179 3320 ate
233 3274 266 3320 22
284 3268 377 3321 vides:
398 3284 439 3320 -es
458 3268 489 3320 in
507 3276 605 3321 roal!
665 3265 735 3319 meis
753 3283 803 3320 om.
819 3275 853 3334 Β,
871 3277 980 3335 saepae
1043 3274 1077 3322 23
1095 3269 1124 3322 ut

114 3391 164 3426 om.
184 3384 204 3425 Β
255 3380 288 3428 25
307 3373 424 3442 effugies
443 3376 542 3436 aaa.
557 3382 585 3427 Β
633 3379 666 3426 26
686 3355 836 3427 subttham
854 3383 882 3427 Β
940 3379 974 3426 27
994 3374 1124 3429 strincxe

113 3444 152 3497 ris
166 3453 194 3497 Β
240 3445 417 3514 praecipior
471 3449 505 3498 28
523 3441 619 3499 liberis
633 3446 732 3499 laras.
748 3453 842 3512 cmm,
855 3455 958 3514 cupa!
1013 3446 1125 3501 inimico

111 3532 187 3584 supr.
203 3526 224 3568 l'
