2408 3840
354 141 657 198 DECLAMATIONES
675 141 721 195 IX.
740 142 774 196 X.
1006 142 1072 207 371

59 313 186 373 dictoris
209 314 353 390 accipere,
377 313 474 372 subire
498 312 651 371 dominnm
673 313 814 371 lanistam
837 314 879 385 et,
907 313 942 369 ut
964 312 1079 370 veniret

58 404 92 460 in
114 403 269 476 harenam,
296 403 385 461 homo
412 419 466 460 nec
488 401 647 461 sceleratus
670 419 724 460 nec
745 400 863 473 infeli13
892 403 922 458 et
944 400 1078 459 bonitate

59 510 115 551 sue
137 490 287 570 gladiator
310 489 429 550 effectus
453 492 505 549 est.
551 491 680 565 utinam,
708 489 874 564 oindices,
903 490 977 548 haec
1003 509 1077 564 qnae

58 581 110 639 illi
129 581 264 656 speciosa
285 582 367 654 sunt,
394 582 459 638 tarn
480 580 605 639 honesta
634 581 731 639 essent
761 582 791 637 et
813 579 894 637 mihi.
942 581 1077 654 quotiens

32 688 160 729 seenem
190 669 340 743 orbatum,
370 671 506 747 egentem
534 667 634 742 video,
664 669 774 742 fateor,
803 668 896 744 pudet
918 686 965 725 me
988 669 1079 743 pretii

58 760 127 817 mei.
173 777 209 816 ex
232 777 290 834 qno
313 777 397 835 ergo,
423 760 522 834 pater,
549 758 595 817 bis
624 756 662 816 ad
684 759 828 834 pietatem
854 775 915 815 non
942 756 1078 831 flecteris,

59 846 152 925 egebo
166 865 234 904 cum
249 866 388 923 paupere,
406 846 465 905 dno
484 849 592 906 erimus
607 849 727 923 egentes
746 848 776 904 et
790 848 869 904 circa
883 847 1016 904 omnium
1030 845 1078 903 vel

58 937 233 1014 ignotorum
246 936 350 995 domns
367 937 476 1011 stipem
488 935 659 1013 rogabimus
673 937 794 1011 pariter.
836 936 863 992 si
876 935 942 1010 quis
956 934 1077 1012 grandis

57 1027 133 1084 natu
149 1028 202 1098 est,
220 1043 327 1101 parens
343 1027 396 1099 est,
414 1023 603 1084 miserebitur
616 1027 703 1098 senis,
722 1027 749 1084 si
763 1025 829 1100 quis
843 1023 968 1098 invenie,
988 1022 1076 1096 filins,

18 1133 46 1174 ro
57 1114 249 1172 miserebitur
274 1113 477 1173 adolescentis.
524 1115 623 1189 accipe
648 1114 890 1186 satisfactionem,
914 1114 1007 1171 amice
1030 1130 1077 1171 ca·

57 1203 185 1262 rissime.
236 1203 379 1262 mandata
414 1205 468 1261 tua
507 1221 662 1278 exsequar3
693 1204 814 1262 fortuna
848 1201 969 1276 defecit,
1007 1219 1076 1277 opes

58 1291 249 1355 auferuntur:
279 1292 358 1368 quod
385 1312 478 1350 unum
504 1292 579 1350 mihi
605 1292 742 1351 relictum
770 1295 826 1365 est,
857 1310 906 1365 en,
935 1290 1078 1368 polliceor

57 1381 142 1457 patri
159 1383 212 1440 tuo
226 1382 353 1440 vicariae
371 1400 485 1440 manus.
528 1380 599 1457 quid
613 1383 658 1440 vis
672 1400 760 1457 porro
777 1378 906 1439 faciam?
948 1379 1078 1457 agrestia

58 1467 173 1546 opera?
209 1468 371 1544 delicatior,
391 1469 470 1545 qnod
489 1489 507 1528 a
529 1470 650 1529 fortuna
667 1489 727 1529 non
745 1470 844 1528 didici.
886 1471 916 1527 et
934 1469 1079 1528 cotidiani

22 1578 45 1619 u
58 1561 201 1635 quaestus
231 1561 327 1635 operis
356 1558 469 1618 dnobus
500 1558 652 1636 egentibus
682 1579 742 1619 non
771 1559 889 1619 sufficit.
937 1560 1078 1618 miserum

58 1666 119 1721 me,
150 1648 347 1707 sicxsolvere
376 1646 465 1706 fidem
492 1649 627 1722 voluero,
657 1649 782 1708 fortasse
812 1647 887 1706 mihi
915 1650 947 1705 in
974 1648 1078 1706 ludum

57 1736 266 1795 revertendum
289 1739 341 1795 est.

330 1897 364 1954 X.
389 1896 574 1956 Sarvncavu
596 1913 821 1958 meianauvm

126 2017 338 2094 Argumentum
359 2039 386 2079 v.
399 2039 432 2094 p.
453 2022 526 2089 189,
545 2023 574 2079 3.
699 2092 702 2098 .

25 2126 45 2168 a
125 2107 233 2167 Infelix
265 2127 332 2186 ego,
364 2128 381 2167 o
413 2109 537 2183 iudices,
571 2129 646 2185 qnae
680 2111 745 2168 sola
779 2110 911 2168 omnium
947 2112 1077 2168 matrum

57 2199 231 2257 miserrima
281 2199 314 2256 in
348 2217 406 2255 nno
435 2198 497 2257 filio
529 2201 591 2258 iam
621 2200 746 2257 alteram
775 2200 875 2273 patior
909 2197 1075 2257 orbitatem.

57 2285 189 2362 priorem
218 2286 364 2362 siquidem
389 2287 549 2346 orbitatem
582 2290 727 2363 tanquam
757 2305 942 2345 communem
971 2289 1076 2346 ceteris

58 2377 88 2433 et
124 2375 188 2434 fato
228 2375 409 2434 accidentem
445 2378 605 2451 utcumque
645 2375 817 2435 tolerabam.
867 2395 938 2434 nam
975 2379 1004 2434 et
1040 2375 1076 2433 de

56 2463 119 2522 filio
150 2464 226 2523 nibil
256 2463 337 2523 alind
371 2465 558 2540 perdideram
591 2467 699 2524 misera
732 2466 792 2523 nisi
823 2465 898 2539 dies,
932 2484 985 2523 nec
1015 2467 1077 2523 iam

22 2553 201 2612 estimabam
235 2553 314 2628 quod
347 2553 411 2627 ille,
446 2573 504 2630 qno
535 2553 655 2613 fruebar
683 2554 833 2628 noctibus,
862 2556 939 2613 mori
968 2558 1075 2630 posset.

57 2660 135 2701 nnnc
158 2645 258 2700 antem
281 2644 411 2716 tenetur,
438 2663 475 2701 ne
506 2643 543 2702 ad
566 2647 692 2702 matrem
719 2643 818 2702 venire
842 2643 944 2720 possit.
990 2646 1076 2702 nocte

57 2730 204 2807 siquidem
233 2732 265 2788 in
295 2733 405 2791 somnis
435 2732 610 2808 apparebat
633 2752 692 2791 non
719 2732 866 2807 diversus,
899 2734 950 2792 sed
979 2733 1075 2808 qualis

56 2822 126 2878 ante
149 2820 261 2892 fuerat,
290 2822 415 2880 miserae
444 2824 535 2880 matri
565 2822 716 2896 amplexus
744 2824 773 2879 et
797 2823 898 2880 osenla
925 2821 1016 2880 dabat
1046 2824 1076 2880 et

55 2911 123 2968 tota
140 2910 226 2967 nocte
245 2908 373 2967 vivebat.
419 2911 547 2969 multum
565 2911 696 2986 perdidit
713 2913 817 2985 mater,
840 2913 866 2970 si
884 2911 1076 2989 contingebat

14 2998 113 3057 aohoc
135 2998 196 3072 iili,
224 3017 284 3056 non
306 2998 417 3073 minus,
441 3001 467 3058 si
489 2999 653 3058 videbatur.
700 3018 777 3058 nnnc
805 3001 913 3059 misera
938 3001 1021 3077 luget
1043 2999 1075 3056 in

55 3086 105 3145 die
127 3085 224 3144 filium
245 3106 299 3146 nec
326 3087 358 3145 in
380 3090 466 3147 nocte
489 3088 620 3148 reficitur
646 3090 736 3147 solita
762 3090 884 3148 visione.
931 3089 982 3148 sed
1004 3088 1075 3146 flen-

55 3175 137 3235 tibus
168 3175 260 3235 cculis
287 3175 371 3236 iuxta
394 3196 529 3236 somnum
558 3180 661 3236 mariti
683 3178 811 3255 pervigil
840 3180 941 3237 noctes
970 3179 1075 3254 longas

54 3267 187 3324 metitur.
229 3284 307 3324 nnnc
333 3268 449 3343 magico
476 3267 607 3326 inclusus
635 3270 665 3325 et
691 3268 891 3327 incarceratus
920 3270 965 3326 est
986 3267 1074 3325 ferro.

54 3372 109 3413 nec
141 3354 238 3414 solnm
267 3355 299 3413 in
325 3357 381 3414 hcc
410 3357 560 3414 miseriam
590 3375 690 3416 meam
719 3375 827 3434 queror
857 3356 915 3415 sed
938 3357 1004 3412 ffiin
1034 3355 1096 3423 ψ

115 3525 151 3570 12
167 3519 350 3576 sufferuntur
363 3534 400 3580 M
472 3535 510 3586 32
530 3532 671 3606 pervigit
690 3542 723 3589 Μ
797 3530 938 3599 tongues
961 3529 996 3573 Μ

915 3610 979 3667 Ἃ*
