2408 3840
311 139 543 194 DECLAMATIO
563 141 647 193 [1119
667 139 719 192 111¹>
734 146 810 193 1-2.
1025 138 1067 203 59

52 313 128 379 iicet,
151 292 222 369 ubit
243 309 376 384 detepere.
413 314 554 383 quamtum
572 327 694 383 possum
716 311 811 382 ipsius
833 311 896 369 uoto
919 309 1068 369 deuuriore

55 401 219 459 mmdoeiu.
265 401 341 458 umie
363 401 414 458 hoo
438 400 474 458 ab
498 400 648 474 affectibus
670 401 773 457 uestris
790 402 867 471 peto,
889 399 941 458 hoe
958 400 1068 472 speciu-

58 490 122 548 iiter
143 490 271 548 obtiuere
294 489 438 556 desidero,
464 506 500 547 ue
523 490 690 561 turpissimo
718 488 805 546 militi
826 504 883 546 suo
904 491 1002 560 prosit
1022 490 1067 546 iu·

57 581 178 652 ipatius,
208 595 245 636 ue
275 578 311 636 ob
340 579 428 636 iuius
457 578 587 636 oiudiota
615 579 721 652 tiupitii
753 579 885 636 crimmis
914 595 979 635 eum
1007 579 1068 648 ficti
1158 615 1161 620 -

31 671 187 741 sproteput
210 669 236 725 et
258 671 369 726 excuset
390 667 512 725 iuridiu.
558 667 639 725 mites
662 669 758 725 iratus
781 671 806 724 et
830 666 971 733 insoleus,
997 667 1068 724 dum

56 758 247 815 tribunicium
264 772 324 813 uou
342 759 383 814 est
400 757 509 814 ueritus
527 756 705 829 dipuitotem,
722 757 929 828 sempiteruum
947 757 1070 814 incussit

55 847 268 918 improperium
280 844 442 918 paludatis.
479 862 547 903 seru
565 845 681 918 queretu
695 862 769 918 quoe
786 845 867 902 uuiio
885 845 1068 918 suffruputur

56 936 203 1007 oppressis
226 934 367 1004 remoto,-
390 938 415 992 et
436 937 533 992 tomeu
555 933 706 1008 eiiiipeuter
728 933 872 1007 upeudum
895 950 954 992 esse
977 933 1068 991 libero

56 1040 121 1082 uoce
143 1025 319 1096 prouuutio,
344 1040 401 1095 per
430 1041 518 1096 quum
544 1025 677 1081 uiuorum
704 1023 795 1081 soluti
821 1023 990 1090 consulitur,
1015 1039 1069 1094 per

23 1131 145 1185 aquom
173 1113 322 1170 seomitoti
352 1113 577 1185 mopistrotuum
603 1111 783 1184 providetur.
829 1112 875 1169 teu
902 1129 921 1170 u
946 1113 1068 1169 mortuis

53 1204 236 1273 peremptum
257 1216 317 1258 uou
338 1205 465 1270 reuocat,
491 1201 543 1259 sei
559 1201 726 1274 perimemti
743 1200 1068 1273 praeciosissimum,

58 1290 127 1347 dum
144 1290 356 1361 perimmu'bus
373 1306 501 1362 pomum
524 1290 620 1348 dictet.
661 1291 712 1348 troc
736 1290 775 1347 od
800 1287 910 1348 Guium
932 1290 1069 1348 Marium

10 1452 12 1457 .
58 1378 115 1437 ioco
128 1382 314 1451 praeseutem
331 1381 431 1446 scotie,
453 1379 572 1446 iudices,
595 1381 735 1437 octiouem
752 1379 918 1451 plurimum
941 1382 1069 1451 oportere

10 1466 14 1479 '
57 1469 192 1535 conuerti,
215 1471 255 1535 ut,
278 1468 348 1525 rium
370 1468 491 1526 hebetur
513 1485 606 1526 sermo
629 1468 664 1526 de
686 1468 805 1541 iepibus,
828 1468 868 1526 od
885 1469 983 1540 ipsum
1000 1484 1069 1539 per·

10 1552 196 1671 ptssmuiiter
217 1557 371 1631 diripitur,
395 1556 475 1629 apud
493 1574 576 1630 quem
594 1557 689 1631 iepum
707 1560 748 1615 est
764 1556 920 1629 specialius
939 1556 1069 1630 detepoto

10 1674 16 1707 ι
59 1646 198 1704 custodio.

10 1712 17 1755 ⁸
122 1733 213 1793 rme
234 1735 332 1807 tutu,
358 1732 417 1793 eat
439 1735 538 1803 miri,
563 1735 624 1792 oue
644 1736 829 1793 ructemus
851 1736 978 1793 mutuis
1000 1735 1103 1792 riae-r

10 1816 14 1899 i
58 1827 138 1881 uuus
159 1827 185 1880 et
206 1824 321 1880 uirtutis
340 1841 423 1896 quem
441 1823 481 1881 oei
499 1824 637 1882 ducatum
654 1823 742 1882 huius
761 1826 899 1882 eueroitus
917 1824 1069 1881 Rommtoe

56 1913 211 1986 prauitatis
231 1943 271 1951 -
290 1914 481 1972 semotissimis
504 1913 627 1971 auribus
650 1915 707 1971 tuis
730 1914 819 1971 tomos
836 1915 876 1972 sit
891 1913 1007 1971 habitus
1027 1945 1067 1952 —

23 2005 82 2060 aret
104 2001 189 2074 clepit
214 2004 241 2058 et
260 2003 404 2074 praefecit
427 2001 602 2075 prudeutiu,
628 2019 719 2070 uuuc,
746 2004 881 2075 iuquam,
906 2005 995 2060 totum
1018 2002 1069 2060 tibi

56 2094 191 2148 semotum
209 2091 302 2162 copitu
318 2091 538 2163 suppiiouutem,
560 2108 639 2150 uuuc
656 2093 788 2164 repiuum
810 2094 835 2149 et
852 2094 940 2164 ouput
956 2091 1069 2158 muudi,

56 2180 184 2237 Romam
207 2181 292 2252 quusi
319 2182 377 2238 tuis
401 2180 523 2254 peribus
551 2178 719 2238 aduolutum
747 2181 911 2248 cousideru,
938 2197 974 2238 ue
999 2180 1069 2252 lepis

57 2271 120 2327 eius
149 2270 275 2342 riporem
305 2268 447 2336 emollius,
476 2285 512 2326 ue
538 2271 683 2327 sustiueos
713 2271 875 2327 temerariis
901 2271 1070 2342 iniquorum

57 2358 181 2415 ausibus
210 2357 360 2428 iufirmori
389 2357 467 2430 quod
495 2357 532 2415 ob
565 2360 693 2431 outipuis
722 2359 790 2430 ipsu
819 2359 993 2430 temporibus
1022 2375 1070 2416 so·

16 2466 42 2507 as
50 2448 169 2519 pieuter
192 2449 219 2504 et
238 2447 349 2505 iuoeuit
371 2450 398 2505 et
417 2448 526 2505 stutmt.
572 2447 607 2505 eie
629 2447 687 2521 iope
711 2446 798 2505 semei
820 2451 861 2505 est
885 2447 1070 2505 stutueuoium

131 2621 145 2667 1
167 2594 282 2685 deigere
296 2623 328 2668 Ν
380 2621 397 2668 2
414 2615 489 2668 unde
502 2615 556 2669 hoe
570 2625 611 2682 Δις
626 2616 679 2668 hoc
697 2615 821 2688 unde]0;
840 2615 893 2668 hoc
906 2632 993 2668 unum
1008 2621 1040 2667 Ν

55 2739 157 2792 vestris
184 2756 233 2793 om.
254 2749 296 2806 Ν,
322 2738 386 2793 odei,
405 2761 437 2791 m
509 2746 524 2793 5
551 2690 674 2809 iratus}3⁴3
683 2739 806 2793 insolens
825 2749 866 2807 Μ,
893 2740 921 2793 et
945 2755 1020 2808 supr.
1040 2759 1071 2790 m

55 2816 72 2864 ‘1
92 2809 296 2880 improperium
313 2811 388 2866 ou:
403 2811 552 2879 imperium
565 2819 631 2876 Μῦς
650 2810 820 2880 impropium
834 2818 875 2877 N;
890 2809 1070 2879 opprobrium

55 2883 143 2937 codeu
163 2882 351 2936 Gibsouiuuus
422 2881 577 2952 polludatis
596 2889 632 2949 N,
651 2881 806 2951 pailudaiis
827 2883 859 2934 iu
877 2899 961 2952 uturp.
978 2901 1000 2932 u

57 2971 178 3078 que{ela
197 3014 229 3059 Ν
298 3008 440 3060 Stamen:
460 3023 523 3060 cum
541 3012 575 3058 N
638 3006 777 3075 agendum
796 3013 829 3058 N
887 3021 947 3059 esse
966 3023 1016 3060 om.
1033 3013 1071 3071 Μ,

56 3149 182 3201 suprm
255 3135 287 3183 11
307 3093 560 3198 licentiammiipe
574 3148 637 3183 cum
655 3138 688 3183 Ν
756 3135 788 3183 12
808 3146 825 3183 a
843 3138 885 3196 Ν,
905 3147 1019 3184 corum

59 3208 92 3255 13
112 3201 265 3256 actionem:
291 3201 478 3255 accusationis
500 3202 561 3256 Obr.
634 3208 651 3255 4
674 3200 870 3270 personaliter:
891 3199 1072 3270 peculiariter

59 3274 179 3339 Grisom
202 3271 411 3341 particulariter
436 3273 497 3327 Obr.
591 3277 622 3326 15
648 3272 792 3342 derigatur
814 3281 859 3338 M,
883 3288 950 3326 corr.
969 3293 1001 3323 m

58 3344 245 3414 delegatam,
264 3360 332 3399 corr.
346 3364 379 3396 m
433 3349 465 3397 17
485 3343 600 3398 hacteus
618 3355 639 3397 ο
689 3350 722 3399 18
741 3344 897 3397 Romanae:
916 3341 1026 3396 ratione
1044 3348 1078 3394 Ν

59 3455 93 3503 te
115 3451 205 3504 honos
228 3467 278 3505 om.
294 3457 328 3502 Ν
345 3451 457 3520 (iocrmu
475 3455 493 3504 6
510 3452 551 3504 oei
571 3454 588 3504 7
607 3451 668 3520 litt.)
742 3455 775 3504 20
798 3466 889 3506 mmet
911 3432 951 3505 ni
978 3456 1006 3504 N

59 3527 93 3574 23
113 3521 271 3576 substineas
291 3528 325 3574 N
390 3527 424 3574 ai
442 3522 529 3592 quod.-
547 3540 574 3593 p
593 3533 625 3594 θ,
647 3542 717 3583 corr.
734 3528 845 3583 moui
