2408 3840
474 152 689 208 PRAEFATIO.
1023 168 1026 176 ·
1042 152 1093 206 XV

76 323 153 397 286,
185 323 517 399 11.290,11.291,
547 326 574 380 1.
601 323 753 403 311,11
779 325 856 400 317,
886 325 915 381 4.
940 324 1017 398 323,
1042 324 1093 398 26,

74 410 1092 489 111β713741979482299299911265

77 502 227 575 131,18
254 502 331 575 135,
353 501 381 559 6.
409 500 485 574 153,
510 503 560 560 27.
582 503 659 580 187,
684 502 711 559 5.
733 503 810 577 202,
836 503 886 560 16.
931 501 1093 577 multisque

73 591 142 650 aliis
166 590 247 650 loeis.

142 677 258 738 Summi
281 681 381 738 autem
399 679 543 737 momenti
561 681 607 739 est
624 680 737 756 passim
755 699 846 738 unam
865 682 983 739 tantum
1007 682 1094 739 fami·

71 770 147 827 liam
173 787 273 827 veram
304 770 462 827 lectionem
485 767 625 843 praebere
650 787 709 844 qua
731 770 764 827 in
786 789 818 828 re
845 768 924 828 idem
948 773 1039 845 atque
1061 771 1093 827 in

72 858 178 917 ordine
201 857 358 917 verborum
377 857 551 932 lacunisque
574 858 773 932 observamus,
798 878 903 935 nempe
926 859 1094 936 graviorem

71 951 183 1006 testem
213 965 275 1006 esse
305 969 325 1005 α
355 966 445 1022 quam
467 945 494 1024 β.
544 947 586 1005 sio
617 947 764 1025 genuinae
794 950 863 1007 sunt
893 950 946 1006 aut
975 966 994 1006 a
1023 966 1093 1006 vero

71 1039 208 1114 proxime
237 1035 347 1096 absunt
368 1037 510 1095 lectiones
537 1035 670 1094 familiae
698 1036 768 1115 α,β
798 1039 937 1113 oonupta
967 1036 1094 1111 exhibet,

72 1129 110 1184 nt
132 1143 229 1202 pauoa
250 1128 369 1184 tantum
393 1124 565 1199 exscribam,
588 1125 634 1185 his
657 1125 743 1184 loeis:

360 1327 379 1362 α
897 1304 918 1383 β

72 1434 103 1490 p.
125 1413 154 1488 3,
175 1413 275 1486 16,4‚
296 1413 336 1470 13
359 1430 451 1487 quere
474 1412 569 1489 igitur
718 1412 814 1491 igitur

82 1547 101 1577 ,‚
126 1504 156 1577 4,
178 1503 217 1559 17
241 1500 374 1560 miserim
397 1493 447 1581 (·-
465 1493 612 1582 miserini)
718 1502 879 1562 miserrimi

82 1636 101 1666 „
127 1592 219 1665 9,10
242 1608 341 1650 seeum
720 1593 797 1650 siout

83 1726 102 1759 „
128 1681 179 1753 16,
199 1680 217 1738 6
242 1680 374 1739 eolorare
720 1682 903 1757 complorare

83 1815 102 1844 ,‚
128 1770 180 1842 16,
201 1769 240 1826 15
264 1770 388 1828 hoooum
411 1759 460 1848 (=
479 1760 591 1849 loeum)
719 1770 814 1829 iatum

83 1905 103 1936 „
128 1859 242 1933 26,12
266 1859 384 1916 vilitate
720 1859 853 1918 utilitate

84 1994 102 2025 „
128 1949 180 2020 36,
200 1948 228 2004 2.
249 1949 322 2021 215,
343 1948 361 2005 3
386 1964 423 2005 en
446 1965 511 2006 eooe
721 1966 786 2007 eooe

84 2083 103 2111 „
128 2038 180 2110 56,
201 2038 240 2094 21
267 2037 467 2111 contemplare
722 2031 950 2119 contemplari¹)

84 2172 103 2202 „
128 2126 241 2200 69,15
265 2143 453 2184 remunerare
721 2120 936 2208 remunerari¹)

84 2261 103 2291 „
130 2217 180 2290 74,
200 2215 241 2272 23
264 2216 349 2274 iussu
721 2218 767 2276 ius

85 2351 104 2380 „
130 2305 203 2378 100,
223 2304 263 2362 25
288 2304 469 2379 relinquitur
720 2305 878 2364 redimitur

86 2440 103 2470 „
129 2394 263 2468 101,17
289 2392 481 2452 dissimulabo
722 2394 826 2454 differo

85 2529 105 2559 „
130 2483 264 2556 115,13
288 2482 450 2540 inferomm
720 2485 896 2543 miserorum

86 2617 104 2646 „
131 2572 265 2645 125,14
289 2571 335 2631 his
363 2570 444 2629 ederi
471 2563 521 2652 (π
539 2563 666 2653 mederi)
720 2573 845 2633 insideri

85 2707 105 2737 „
131 2661 265 2735 127,15
288 2679 366 2736 pone
721 2665 791 2737 post

86 2796 106 2825 „
131 2750 267 2825 150,10
289 2749 421 2808 breviter
722 2755 809 2826 pater

86 2884 105 2915 „
132 2841 204 2914 172,
225 2839 266 2896 16
290 2840 364 2898 toris
722 2840 818 2901 eboris

87 2974 105 3004 „
131 2928 204 3002 184,
225 2930 266 2985 14
284 2927 446 3003 trepidatio
460 2929 539 2987 ratio
550 2920 599 3009 (=
608 2931 667 2986 tre·
720 2929 854 3006 trepidat
876 2933 907 2990 et
929 2933 1007 2991 ratio

284 3017 371 3093 pidet
394 3009 505 3098 oratio)

86 3153 104 3182 „
130 3106 205 3181 218,
225 3107 243 3165 9
268 3105 389 3164 noxium
721 3109 859 3167 notatum

85 3241 104 3270 „
129 3197 204 3268 266,
226 3198 243 3254 7
267 3194 355 3254 modo
721 3216 791 3256 vero

86 3330 104 3359 „
129 3285 265 3358 275,16
291 3284 370 3360 quod
393 3304 501 3360 queror
722 3304 886 3362 conqueror

76 3432 293 3442 ——

152 3530 178 3597 1)
197 3526 315 3581 observa
330 3542 466 3581 numeros.
