2408 3840
133 154 197 220 228
447 153 700 210 GADAVERIBVS
719 153 825 210 PASTI

133 325 199 382 acto
222 323 356 399 legitimo
379 322 491 397 ordine,
513 341 580 382 reus
602 326 751 398 punietur.
787 324 896 398 omnia,
918 342 1002 402 rogo,
1025 343 1143 400 scrupu-

132 413 193 470 lose
222 414 358 488 agantur·
403 411 515 487 videte,
543 415 578 470 ut
604 414 668 470 iure
696 412 860 472 irascamur
889 414 943 489 qui
969 413 1143 473 contraius

131 503 267 560 viximus.
304 501 395 560 immo
419 501 523 574 etiam,
546 503 573 560 si
594 501 681 576 libet,
705 501 905 561 defensionem
928 501 1093 576 audiamus,
1115 504 1144 560 et

131 591 192 648 iam
215 608 293 648 nunc
315 608 369 648 nos
392 592 531 649 moretur.
578 593 667 668 neget
689 591 801 650 laesam
823 590 1052 666 rempublicam,
1075 593 1143 667 quia

130 679 199 754 plus
224 698 314 754 quam
341 679 422 738 laesa
445 681 498 738 est.
543 698 602 738 non
625 681 705 738 enim
727 678 873 740 discussos
899 679 1026 740 alicuius
1049 681 1142 756 operis
1162 697 1171 738 s

131 768 257 845 angulos
276 786 329 827 nec
347 770 456 827 recisas
470 768 606 827 lucorum
620 767 738 828 frondes
753 787 807 828 nec
820 768 1011 844 publicarum
1029 770 1142 829 aedium

131 855 278 932 dispersos
306 858 436 932 parietes
464 856 616 916 obicimus.
662 876 697 916 ac
719 857 746 917 si
768 856 927 933 videbitur,
955 858 1065 918 adiciet
1087 859 1141 917 for·

131 947 210 1005 sitan
233 964 292 1004 non
316 963 377 1004 esse
396 945 610 1020 rempublicam
629 966 705 1022 quae
728 948 860 1023 perierit.
896 946 929 1004 id
947 949 1028 1006 enim
1046 966 1142 1023 super-

132 1038 189 1109 est,
222 1037 257 1093 ut
288 1036 350 1094 iam
376 1034 432 1093 hoc
461 1053 568 1094 nomen
601 1037 764 1094 extinctum
797 1035 961 1094 audiamus.
1007 1036 1142 1112 procedet

80 1123 118 1179 12
134 1143 167 1183 eo
182 1143 275 1199 usque
294 1124 428 1198 fortasse,
442 1125 477 1181 ut
495 1125 620 1183 esurisse
633 1143 687 1184 nos
706 1128 803 1202 neget.
834 1142 895 1184 non
913 1123 1028 1183 infitior
1046 1127 1172 1184 autema

84 1243 85 1247 ,
131 1209 232 1289 (nisi)
255 1231 360 1288 parurn
383 1213 502 1287 proprie
525 1213 581 1272 hoc
603 1214 678 1291 legis
701 1213 791 1272 verbo
814 1214 898 1273 nefas
921 1215 1009 1273 istius
1032 1215 1142 1293 signari

130 1321 190 1360 non
212 1318 305 1376 posse.
351 1303 478 1361 maiores
501 1302 579 1360 enim
601 1320 655 1361 nec
682 1301 762 1360 laedi
785 1302 905 1379 quidem
929 1302 1142 1379 rempublicam

130 1392 251 1465 impune
274 1390 444 1465 voluerunt,
472 1389 597 1466 ideoque
621 1391 757 1450 existimo
786 1392 877 1450 etiam
902 1391 958 1450 hoc
982 1410 1046 1452 esse
1069 1411 1141 1451 com·

130 1478 315 1554 prehensum.
352 1497 438 1538 nemo
463 1482 563 1538 autem
580 1480 748 1553 verebatur,
770 1500 807 1539 ne
831 1480 947 1540 absolvi
968 1483 1071 1557 posset
1089 1482 1142 1540 cri-

131 1587 199 1625 men
222 1568 288 1644 lcge
310 1568 415 1626 maius.
1155 1586 1175 1653 rs

200 1653 297 1724 Quid?
320 1656 399 1732 quod
420 1658 566 1716 actionem
583 1657 764 1734 reipublicae
783 1659 881 1717 laesae
899 1660 1030 1734 temptat
1050 1661 1084 1717 in
1105 1660 1143 1718 le·

133 1765 200 1822 gem
223 1745 300 1804 male
324 1748 425 1822 gestae
448 1747 606 1824 legationis
627 1745 800 1806 deflectere?
837 1747 923 1825 eligit
939 1765 1009 1806 rcus
1027 1749 1143 1820 crimen,

132 1835 187 1892 hoc
215 1836 272 1908 est,
300 1835 404 1893 noxius
428 1852 544 1893 crucem
567 1837 660 1910 optat.
706 1855 765 1894 non
789 1836 933 1910 sustineo,
960 1835 1087 1912 iudices,
1114 1840 1144 1895 in

130 1925 215 1981 tanto
235 1923 328 1981 animi
345 1926 429 1983 motu
453 1927 628 2002 argumenta
650 1927 832 2001 conquirere,
854 1944 908 1984 nec
931 1928 1061 2001 impetus
1084 1926 1144 1984 irae

131 2031 213 2071 meae
236 2015 267 2070 in
282 2012 402 2090 ‚digitos
426 2012 589 2087 descendit,
616 2013 672 2073 hoc
698 2016 799 2073 tamen
825 2016 899 2073 scio:
926 2033 986 2073 non
1010 2014 1092 2073 cadit
1113 2017 1176 2073 inu

131 2102 292 2161 formulam
309 2101 446 2177 publicus
465 2102 557 2160 dolor.
590 2121 653 2176 nec,
671 2103 697 2162 si
716 2103 789 2161 adeo
807 2101 955 2163 iudicibus
974 2104 1048 2178 quid
1065 2105 1145 2180 passi

131 2194 213 2265 sunt,
242 2191 397 2263 exciderit,
425 2192 460 2248 ut
485 2191 538 2249 has
561 2191 660 2249 ferant
683 2192 889 2252 cavillationes
917 2211 976 2251 non
1000 2192 1144 2253 diluentes

132 2281 243 2339 crimen
270 2281 322 2338 sed
351 2280 532 2353 differentes,
560 2281 686 2355 populus
716 2300 832 2356 quoque
863 2283 1036 2356 inpunitum
1063 2284 1144 2341 nefas

132 2370 194 2428 sine
222 2368 373 2444 lapidibus
401 2369 584 2443 praeteribit.
630 2388 691 2428 non
717 2370 908 2445 praescribes.
954 2389 1095 2430 accusare
1117 2375 1144 2430 te

131 2458 209 2516 male
233 2459 333 2535 gestae
356 2458 514 2535 legationis
537 2476 666 2534 possum.
712 2477 768 2535 age
790 2477 888 2534 porro,
911 2459 937 2518 si
960 2461 1072 2519 occisos
1096 2460 1176 2520 ob-rr

131 2548 227 2605 iecere
250 2546 393 2621 homines,
415 2566 476 2605 non
498 2551 532 2605 tu
555 2565 585 2606 es
609 2566 698 2607 causa
720 2546 883 2607 mortium?
915 2548 942 2607 si
964 2548 1080 2608 violata
1104 2567 1145 2608 se·

131 2635 249 2710 pulcra,
276 2654 336 2694 non
362 2638 486 2711 propter
512 2639 542 2694 te
567 2654 655 2713 rogos
683 2634 909 2697 fraudavimus?
954 2636 1006 2696 sed
1028 2637 1144 2716 legatus

131 2726 225 2783 fuisti.
263 2724 343 2800 quod
366 2727 466 2782 tamen
489 2727 588 2800 ipsum
607 2725 679 2800 quid
702 2728 746 2784 est
770 2725 852 2784 aliud
870 2744 961 2801 quam
982 2745 1047 2786 rem
1069 2729 1145 2786 trac·

131 2810 217 2872 tare?
262 2816 448 2872 remantem
472 2816 523 2889 qui
546 2815 624 2873 male
648 2814 720 2890 agit,
743 2817 777 2872 ut
799 2813 937 2888 arbitror,
959 2815 1062 2875 laedit.
1109 2837 1145 2874 an

134 2934 348 2941 —-—.-

205 3006 218 3053 1
239 3016 301 3053 reus
320 3016 377 3053 non
395 3000 527 3069 punietur
545 3011 596 3054 BV
665 3007 680 3054 2
703 3002 742 3071 αξ
758 3010 793 3069 Β,
811 3003 946 3071 tsupm
1018 3010 1036 3057 4
1058 3020 1145 3058 morc-

131 3089 194 3124 mur
207 3080 267 3124 ΒΜ
283 3071 337 3140 (vel
354 3073 477 3126 moretur
492 3074 621 3143 cupam)
694 3072 804 3126 tanim
822 3086 903 3137 oras
975 3072 1102 3130 diacusos
1120 3084 1146 3129 Ι

133 3142 362 3213 θτοοίξεαειι(ε
376 3145 424 3213 er.)
469 3146 584 3215 {lesse}
597 3146 621 3212 (t
634 3145 682 3212 er.)
696 3154 724 3197 B
768 3144 941 3198 texinctum
954 3147 1145 3216 Darapsa)

133 3218 166 3267 10
186 3214 309 3268 esurisse
327 3223 356 3267 Β
434 3214 545 3270 infitecr
562 3224 615 3269 BV
690 3220 721 3269 11
741 3215 797 3268 nisi
815 3215 878 3269 add.
894 3216 968 3283 &bc
986 3233 1038 3270 om.
1054 3239 1076 3270 ω

134 3325 165 3373 12
185 3336 220 3374 ne
239 3330 293 3385 vec
364 3326 396 3373 13
420 3322 500 3391 esse}
517 3323 540 3390 (t
558 3323 605 3390 er.)
619 3331 647 3374 B
718 3327 752 3375 20
771 3303 814 3375 iio
833 3331 866 3375 Μ
935 3327 969 3376 22
990 3322 1146 3376 cavillatio

131 3407 181 3444 nes
196 3401 223 3444 Ρ
275 3391 421 3447 deluentes
435 3402 503 3459 Bm
523 3391 657 3446 diluentis
676 3402 697 3444 ν
747 3398 781 3445 23
801 3391 957 3447 differentis
972 3403 994 3445 ι’
1046 3400 1080 3448 25
1098 3395 1147 3448 ab·

132 3461 222 3517 iecere
242 3484 261 3516 α
333 3469 367 3518 28
386 3463 455 3532 quid
473 3465 516 3517 est
534 3464 627 3534 ipsum
645 3473 683 3532 Μ,
702 3469 806 3533 baasp.
821 3485 853 3517 m
920 3463 1066 3533 quidest:
1085 3466 1146 3535 qui-

128 3532 229 3600 demr
301 3536 424 3591 tractare
442 3537 519 3602 ests
590 3540 623 3589 22
643 3537 751 3589 autem:
770 3537 835 3590 ante
854 3545 881 3589 ι·
