2408 3840
134 169 199 232 338
427 164 577 218 nulius
595 163 635 216 ni
654 162 813 217 niman
830 162 857 216 11

134 336 275 394 adfectus.
322 354 374 393 cur
396 333 491 391 filium
515 333 685 406 occiderim,
707 333 840 392 indicare
862 350 924 390 non
945 350 1077 408 possum,
1099 351 1150 391 neo

135 426 269 500 paenitet
293 422 372 498 quod
395 422 496 482 occidi.

201 513 309 571 Infelix
337 514 484 585 senectus,
515 511 624 570 misera
650 509 813 586 patientia,
843 511 886 569 sic
916 528 1034 585 quoque
1062 529 1152 585 quam

134 603 232 660 multa
262 601 387 660 dicenda
415 601 496 659 sunt!
541 601 653 658 fuimus
686 599 851 673 quondam,
881 599 1010 673 iudices,
1041 600 1153 658 finimus

135 691 300 750 felicissimi
326 691 479 765 parentes,
506 708 573 747 oum
596 689 693 746 adhuc
715 687 797 747 mdis
819 688 902 748 unici
928 688 1015 748 nobis
1035 688 1152 747 blandi·
1177 708 1188 749 s

135 783 219 838 retur
236 780 374 852 infantia,
394 779 571 853 duravitque
590 778 695 837 domus
713 781 780 836 tota
796 780 991 853 prosperitas,
1010 778 1154 853 quamdiu

136 869 249 945 pariter
276 867 456 942 fiuebamur,
483 869 597 944 pariter
619 865 789 940 dileximus,
816 866 961 942 quamdiu
986 868 1094 926 civitas
1118 867 1153 925 de

137 959 300 1017 nobishoc
324 958 419 1016 solum
441 958 561 1031 poterat
582 956 679 1030 loqui,
706 955 802 1013 filium
828 974 882 1014 nos
907 955 1018 1015 habere
1045 956 1154 1015 formo

137 1066 210 1106 sum.
256 1049 291 1104 ut
314 1065 383 1104 voro
406 1047 438 1102 in
462 1065 528 1104 eam
551 1044 683 1103 adolevit
705 1046 854 1119 aetatem,·
874 1044 908 1102 in
931 1063 991 1120 qua
1016 1063 1153 1121 corpora-

137 1138 216 1193 libus
234 1135 320 1193 bonis
338 1136 476 1192 iuventus
494 1135 657 1193 insolenter
674 1135 798 1208 exultat,
820 1133 965 1208 superbus
989 1136 1082 1208 atque
1104 1134 1153 1192 ad·
1166 1154 1187 1194 ιο

137 1242 246 1300 rogans
275 1226 307 1280 in
334 1224 451 1280 nullum
472 1223 553 1281 vitae
581 1239 687 1300 genuS,
714 1241 775 1280 non
803 1223 836 1279 in
863 1225 1012 1298 privatos,
1040 1241 1102 1281 non
1124 1223 1153 1280 in

102 1311 274 1388 opubheos
302 1315 386 1370 actius
416 1312 570 1371 florentem
600 1311 686 1370 duxit
712 1313 850 1370 aetatem.
895 1311 939 1369 dii
970 1312 1153 1384 inmortales,

139 1403 269 1476 quantus
289 1401 445 1476 qualisque
463 1401 542 1460 circa
559 1402 696 1459 iuvenem
713 1420 816 1458 rumor
837 1401 998 1477 ingemuit!
1022 1403 1153 1459 omnium

137 1490 304 1548 maledictis
323 1490 531 1564 succlamatus‚
555 1491 688 1549 omnium
707 1489 899 1548 denotatione
917 1489 1079 1548 damnatus
1102 1492 1153 1562 est„

139 1578 231 1636 donec
249 1580 280 1636 et
298 1579 361 1653 ipse
381 1597 554 1637 consensum
572 1579 651 1637 circa
665 1597 696 1637 se
714 1578 828 1653 publici
842 1577 952 1636 doloris
972 1581 1185 1655 agnosceretis

137 1667 206 1725 inde
229 1686 314 1725 rarus
336 1669 369 1726 in
391 1667 524 1743 publico,
548 1670 579 1726 et
600 1670 756 1742 tamquam
778 1669 874 1743 patris
898 1685 1053 1742 occursus,
1078 1670 1152 1726 tam·

140 1776 230 1831 quem
253 1757 384 1815 civitatis
408 1776 460 1815 ora
482 1758 600 1815 vitaret.
638 1774 698 1815 non
719 1759 764 1814 est
786 1757 851 1815 leve
874 1757 1029 1832 concipere
1048 1757 1152 1829 verbis,

138 1848 170 1903 in
199 1848 343 1921 quantam
376 1846 506 1904 civitatis
539 1847 766 1919 execrationem,
799 1846 831 1903 in
859 1847 1005 1919 quantam
1037 1847 1153 1921 culpam

139 1935 254 1993 iuvenis
276 1935 423 1994 inciderit.
461 1934 559 1993 dictus
583 1943 628 1993 est
646 1934 778 1992 occidere
800 1951 887 2009 posse
908 1936 1036 2009 patrem,
1060 1936 1152 1994 dictus

140 2027 185 2083 est
208 2025 315 2101 dignus
339 2043 427 2098 quem
449 2025 550 2097 posset
573 2025 664 2081 etiam
686 2025 772 2098 pater
795 2023 935 2081 occidere.
983 2024 1057 2099 quid
1079 2026 1184 2083 facea

139 2134 215 2187 rem,
238 2114 364 2186 iudices,
390 2112 613 2170 infelicissimus
636 2109 743 2170 senex?
769 2112 916 2170 iamiam
938 2131 1000 2171 non
1023 2112 1153 2172 evitabat

139 2204 221 2260 fama
239 2221 293 2261 nec
316 2203 441 2277 patrem,
464 2203 525 2259 iam
543 2203 617 2258 meis
637 2199 758 2259 auribus
775 2219 862 2259 nemo
880 2201 1032 2275 parcebat
1065 2204 1151 2261 inter

139 2311 246 2368 rogare
273 2310 333 2349 non
362 2291 520 2365 audebam,
549 2289 736 2348 dissimulare
763 2309 823 2348 non
849 2293 994 2366 poteram.
1040 2291 1152 2350 fallitur

141 2381 276 2455 quisquis
304 2399 351 2438 me
378 2381 467 2455 putat
490 2379 650 2455 quicquam
677 2380 781 2439 fecisse
804 2381 941 2438 consilio:
967 2379 1101 2455 impetus
1123 2397 1152 2438 ac

140 2470 282 2544 temporis
314 2470 409 2543 ipsius
441 2471 538 2527 nescio
567 2470 634 2542 quis
667 2468 755 2528 ardor
786 2468 935 2543 explicuit
980 2468 1183 2545 praepararis

141 2558 202 2616 filio
226 2561 374 2616 tormento
397 2577 457 2616 non
478 2560 610 2633 possunt.
648 2560 694 2616 est
715 2560 747 2614 in
770 2558 885 2616 miseris
907 2558 1070 2632 penatibus
1087 2575 1152 2634 pais

140 2650 264 2721 remota,
283 2649 421 2721 seposita,
439 2647 588 2722 profunda
606 2646 744 2720 tenebris,
762 2645 858 2704 tristis
872 2663 1000 2720 accessu,
1019 2647 1152 2706 omnibus

141 2739 214 2811 apta
240 2736 376 2813 flagitiis,
405 2738 435 2794 et
462 2738 493 2793 in
516 2755 576 2810 qua
604 2735 713 2794 audeat
739 2736 837 2793 lacere
864 2735 980 2794 facinus
1004 2739 1035 2795 et
1063 2741 1153 2813 pater.

212 2994 367 3047 tcondam
384 3003 437 3046 BV
500 2993 662 3062 dquandiu
679 3003 708 3046 Β
770 2958 950 3047 rfiaebintur
967 3002 996 3046 B
1059 3000 1094 3048 10
1112 3011 1155 3048 ex·

140 3101 260 3153 insultat
274 3102 442 3169 superatque
461 3109 483 3152 V
532 3067 604 3167 dque
622 3110 651 3153 Β
720 3104 753 3152 11
773 3099 804 3152 in
822 3105 886 3153 autc
903 3099 1033 3168 publicos
1052 3119 1104 3156 om.
1119 3111 1155 3166 B;

141 3173 299 3241 impudicos
318 3181 355 3238 Μ,
377 3189 444 3226 corr.
459 3193 491 3223 m
564 3177 597 3224 13
620 3170 760 3224 increbuit
777 3170 920 3225 Francius
992 3176 1026 3224 14
1050 3171 1155 3226 succla-

141 3247 234 3297 matus
258 3261 292 3297 cx
309 3259 401 3296 -amus
421 3253 453 3296 M
546 3249 578 3296 15
602 3243 691 3297 scirca
708 3252 730 3295 V
816 3246 849 3294 1⁷
873 3240 1015 3312 concipite
1032 3253 1063 3311 V;
1087 3243 1156 3297 inci·

141 3364 238 3419 pereo
292 3350 395 3403 verbis:
412 3351 479 3403 urbs
497 3359 519 3402 V
570 3356 603 3404 18
617 3332 705 3420 quita
718 3357 757 3416 83
771 3351 910 3433 quantum
928 3358 950 3402 V
1000 3355 1034 3404 19
1048 3350 1156 3404 occide·

141 3450 209 3539 ritp
263 3479 297 3527 20
311 3474 439 3528 occidere
453 3475 539 3529 etiam
552 3476 668 3544 paterV
718 3480 751 3527 21
765 3438 975 3528 inleliffiusu
1027 3481 1062 3529 23
1075 3474 1154 3529 audi·

137 3547 204 3603 bam
224 3557 246 3601 V
316 3553 349 3604 27
370 3549 495 3618 remutet
509 3555 535 3602 Β
602 3551 640 3600 ‘bt
657 3545 743 3599 odeat
760 3554 785 3597 Ρ
