2408 3840
132 171 200 234 314
456 165 639 220 m
656 164 830 219 m

132 356 221 414 paras
242 336 419 396 lassitudine
440 333 638 394 miserorum?
682 344 859 410 consumpta
881 336 929 392 est
948 334 984 391 in
1009 333 1148 404 laciiinis

132 431 164 484 in
190 427 326 501 precibus
353 430 450 485 aetas.
477 428 575 483 eneti
600 424 737 483 sordibus
762 423 841 496 dies,
861 424 1016 481 auiiehte
1039 426 1148 482 noctes

132 516 206 592 quid
232 516 308 573 milii
328 518 433 573 contio
455 526 520 571 tam
541 513 680 590 indigna,
705 517 770 571 tam
796 514 905 590 graiis
930 512 1085 588 promittit
1107 514 1149 570 in·

132 602 278 682 tegritas?
314 603 448 662 abdicari
469 603 557 661 debet
579 621 669 677 quein
690 604 847 660 nocentem
868 603 959 677 pater
979 599 1055 675 ocii,
1076 602 1150 659 mori

134 714 220 768 quein
243 697 440 751 innocentem
1167 706 1177 746 1

78 783 118 839 15
199 778 271 840 ‘sed
293 786 328 839 ut
349 777 525 854 uedamus',
551 781 665 855 inquit.
687 775 829 838 ‘soluisse
849 782 883 837 te
903 780 998 853 mori,
1023 796 1080 837 our
1101 796 1148 854 po

131 872 282 931 tissimum
308 866 453 928 veneno?
498 870 595 945 pomis
623 869 757 944 quidem,
783 872 878 944 puter,
904 867 984 927 hauc
1005 866 1045 925 de
1073 867 1150 925 omni

132 979 340 1037 supremorum
362 978 469 1036 genere
490 959 577 1016 litem
598 959 698 1017 facere
719 957 930 1032 morientibus3
956 958 990 1014 ct
1012 958 1088 1032 quia
1108 975 1151 1014 re

132 1071 198 1108 rum
220 1062 330 1107 natura
351 1050 452 1106 sarias
473 1048 606 1106 fatorum
627 1049 694 1106 vias
715 1046 843 1105 indulm't
861 1046 992 1120 animae,
1012 1047 1048 1103 in
1069 1045 1148 1104 nullo

132 1158 192 1197 nou
215 1139 297 1196 exitu
319 1137 410 1196 simili
427 1139 546 1195 ratione
567 1135 772 1212 deprehendas
789 1133 931 1210 quiequid
949 1135 1082 1193 eloctum
1099 1136 1149 1194 est
1159 1150 1179 1192 11

132 1230 174 1286 sie
188 1246 278 1303 super
294 1228 433 1284 sti'ictum
449 1225 655 1300 nudatumque
670 1244 842 1283 mueronem
858 1223 1077 1299 proclamares:
1100 1242 1151 1283 cur

133 1336 192 1374 non
210 1313 345 1374 veneno?
379 1314 432 1373 sed
453 1315 530 1373 niliil
547 1317 594 1373 est
611 1314 768 1373 delicatius
791 1314 874 1372 exitu
890 1331 983 1389 quem
1005 1331 1068 1371 uon
1085 1330 1150 1390 sup

132 1404 233 1481 plicis,
255 1423 316 1462 nou
332 1407 439 1477 metus,
461 1404 514 1462 sed
532 1403 657 1462 collecta
674 1403 712 1461 de
730 1400 954 1461 calamitatibus
971 1402 1150 1462 conmendst

131 1493 299 1552 iufirmitas.
339 1494 415 1551 milii
435 1496 538 1551 tamen
559 1495 720 1569 praecipue
742 1510 810 1550 cum
831 1491 888 1550 hoc
909 1492 1020 1550 mortis
1041 1493 1151 1550 instru-

133 1586 232 1642 mento
262 1584 386 1659 propria
415 1582 575 1640 concordia
601 1584 660 1640 est:
691 1600 751 1640 nou
783 1581 900 1658 spargit
929 1598 1071 1640 crucium
1100 1595 1182 1639 necis

131 1677 246 1732 trucem
269 1671 421 1731 cederetis
447 1671 592 1747 relinquit
618 1674 787 1747 aspectum:
812 1668 933 1745 plseidc
960 1673 1020 1744 est,
1051 1671 1152 1746 quiete

133 1765 185 1820 est.
230 1762 433 1839 ingratissime
465 1779 565 1832 senex,
597 1778 653 1838 ego
685 1762 716 1818 et
742 1759 799 1818 lice
830 1761 873 1817 sio
900 1758 1060 1818 moriendo
1087 1777 1152 1837 pro

133 1869 295 1927 epeierem,
318 1868 355 1908 ue
377 1869 425 1908 me
448 1849 591 1908 occidisse
613 1849 692 1908 elius
713 1848 874 1908 videretur.

200 1939 241 1997 Te
262 1941 334 1998 tunc
351 1937 550 2015 apprehendo,
572 1940 604 1996 te
625 1940 787 2014 interrogo,
810 1941 910 2014 pater:
931 1937 981 1995 itu
1001 1937 1152 2013 parricidi

133 2047 198 2087 suin
222 2047 276 2105 ego
300 2029 352 2102 qui
373 2047 520 2086 venenum
542 2027 645 2086 adfero
667 2028 700 2085 in
720 2027 842 2086 domuin
863 2029 949 2084 tuam
966 2029 1184 2102 inparatum

134 2117 218 2191 rude,
246 2116 414 2192 terendum,
437 2119 573 2176 suitam
595 2116 692 2174 multa
718 2117 847 2189 restant,
876 2117 946 2173 ante
971 2134 1068 2191 quain
1089 2116 1153 2174 diiii

135 2204 249 2282 possit?
293 2208 337 2264 ite
359 2205 511 2282 parricide
534 2224 600 2263 sum
623 2206 676 2281 qui
698 2204 782 2263 iuxta
803 2209 835 2262 te
858 2221 971 2280 quaero
996 2208 1151 2277 secretum,

134 2297 186 2370 qui
216 2295 252 2352 de
279 2297 400 2370 potione
427 2295 484 2354 tibi
511 2296 640 2369 incerta,
672 2312 763 2370 quain
790 2311 877 2352 nemo
905 2292 1030 2367 detulit,
1065 2312 1152 2370 quain

133 2384 318 2460 simpliciter,
335 2389 400 2442 tani
418 2383 506 2443 focile
519 2381 681 2459 respondi?
713 2383 817 2442 secedo
834 2385 868 2440 in
885 2381 1002 2441 medios
1019 2386 1151 2459 penates,

134 2473 230 2532 nullos
255 2471 292 2529 ab
315 2474 442 2532 introitu
464 2490 615 2550 praepono
639 2471 785 2546 custodes,
808 2490 869 2530 nou
890 2471 973 2530 evito
996 2474 1181 2544 transitus

136 2582 192 2619 neu
217 2561 338 2619 excludo
361 2565 509 2621 venturos.
555 2578 644 2639 rogo,
667 2563 768 2620 utrum
789 2561 862 2619 haee
886 2561 990 2619 omnia
1012 2566 1087 2620 sunt
1108 2578 1151 2620 oc·

134 2650 229 2709 cidere
257 2650 385 2710 volentis
413 2670 451 2710 an
479 2648 579 2710 mori?
623 2669 770 2710 venenum
798 2648 877 2725 quod
903 2647 962 2708 tibi
985 2654 1151 2726 pararetur,

135 2741 296 2798 invenisses
315 2738 499 2815 absconsum,
521 2740 716 2814 reconditum,
739 2739 870 2798 multum
888 2739 969 2798 circu
991 2739 1074 2798 illud
1091 2739 1150 2817 pel·

207 2864 217 2871 ι
224 2861 349 2871 ..ι-ι--σ-ο

207 2935 216 2981 1
240 2926 415 2982 miseriarum
436 2927 484 2981 Gr.
553 2934 568 2980 2
589 2927 649 2980 dies
667 2943 701 2982 ex
719 2927 784 2980 dees
803 2935 831 2979 Β
901 2925 1154 2982 tinnocenteinr

134 3008 149 3047 s
168 2999 384 3065 giiiierelitatem
402 3007 422 3050 V
505 3004 520 3051 9
539 2997 679 3052 factorum
695 3007 717 3050 V
800 3002 833 3051 10
854 2995 1047 3066 reprehendas
1068 3010 1085 3051 s

138 3076 167 3122 11
187 3070 438 3124 eet-infirmitas
458 3071 474 3123 1.
490 3074 524 3124 14
542 3086 593 3124 om.
609 3081 631 3122 11
699 3075 733 3122 14
756 3085 802 3123 ine
820 3068 891 3122 milii
910 3078 959 3127 Ρ,
1008 3072 1102 3123 morte
1120 3077 1150 3131 Ι,

133 3206 259 3278 11111111Ι
326 3202 358 3249 lt
381 3158 482 3265 propia
500 3203 528 3247 Β
612 3156 721 3264 spergit
738 3201 772 3260 B,
789 3202 893 3247 come
986 3197 1019 3247 lt
1039 3196 1086 3249 est
1101 3210 1151 3251 ori.

139 3310 156 3350 i'
213 3285 298 3369 «pitia
319 3310 344 3355 ΙΙ
416 3307 448 3354 io
468 3301 679 3371 apprehendum
696 3310 719 3352 V
786 3304 822 3352 20
839 3278 941 3353 veddm
958 3308 988 3352 Ι
1058 3306 1093 3355 ai
1111 3303 1150 3354 te

135 3406 255 3489 111111111111
273 3416 329 3463 ΒΜ
345 3410 422 3479 (corr.
437 3411 478 3478 m)
559 3414 591 3463 22
611 3389 728 3491 idioti
793 3367 976 3489 seudtuml
1057 3412 1093 3461 si
1109 3421 1151 3460 re-

134 3478 583 3623 11ῐ1ῐ111111111111·«1
600 3476 1148 3605 1111111111111111311Ψ
