2408 3840
139 155 205 218 346
433 152 584 207 merlus
602 153 643 206 IN
653 151 820 206 ‘nemum
835 152 864 206 Π

138 323 213 381 mihi
248 322 358 380 dixerit
386 321 452 397 ille,
484 322 519 380 de
548 341 607 397 quo
639 323 735 380 nescit
769 341 807 380 an
837 321 955 381 dixerit.
1002 322 1074 398 quid
1104 324 1150 396 ais,

139 415 237 470 mater
254 409 426 487 inpatiens?
470 411 515 469 ita
537 411 570 468 in
592 413 687 470 morte
710 409 767 468 filii
788 411 835 469 tui
860 411 938 469 nihil
960 411 1045 470 aliud
1068 411 1151 469 adte

139 501 271 576 pertinet
294 519 384 576 quam
409 499 480 575 quid
501 500 620 558 locutus
645 497 705 558 sit?
750 491 809 574 ita,
840 501 1084 576 siresponderO,
1112 519 1151 559 re·

139 590 235 648 mittis
259 589 465 665 parricidium,
492 590 641 647 tormenta
664 606 723 646 non
752 586 865 648 obicis?
912 608 929 648 0
956 589 1153 649 inconsultam

138 679 315 737 muliebrem
345 697 460 754 semper
490 677 663 736 amentiam!
693 678 767 754 quid
795 677 914 737 iuvenis
941 678 976 737 111
1001 677 1179 737 tormentiss

140 769 256 842 dixerit,
278 771 434 843 tamquam
457 769 584 844 ignoret,
606 768 786 844 interrogat:
809 767 886 825 nihil
908 787 956 825 me
980 769 1151 844 comperisse

138 877 198 916 non
222 856 324 931 credit,
347 858 503 931 tamquam
526 857 601 914 sciat
624 855 696 931 quid
719 856 835 914 dixerit

85 945 122 1001 11
205 947 309 1004 Fidem
333 945 495 1004 eommunis
523 946 691 1022 sanguinis,
720 944 810 1003 fidem
837 947 1042 1004 communium
1065 946 1151 1004 malo

137 1035 217 1093 rumi
246 1055 282 1092 ne
305 1034 459 1108 parricidii
482 1053 530 1092 me
552 1033 626 1093 velis
650 1034 766 1111 agitare
789 1036 949 1108 secretum,
974 1054 1013 1093 ne
1036 1034 1152 1094 cadami-

138 1125 251 1183 tatibus
274 1123 383 1182 nostris
407 1142 530 1201 gravem
558 1124 652 1182 facias
680 1123 881 1182 innocentiam
909 1125 1005 1182 tuam.
1047 1124 1152 1183 viderit
1162 1143 1181 1184 10

138 1213 211 1288 quid
233 1213 376 1271 meruerit
393 1212 508 1271 iuvenis
526 1213 591 1271 ille:
615 1231 670 1289 ego
688 1214 750 1270 iam
768 1231 890 1288 possum
908 1231 1051 1288 suprema
1073 1232 1150 1272 reve

136 1304 196 1373 reri
220 1305 250 1359 et
273 1303 341 1376 post
364 1301 478 1360 exitum
505 1302 585 1360 unici
607 1304 740 1361 revertor
762 1302 795 1359 in
815 1304 940 1376 patrem
987 1304 1085 1361 maior
1106 1301 1151 1359 de

137 1392 247 1448 functis
280 1390 381 1449 liberis
411 1391 593 1467 praestanda
622 1392 790 1450 reverentia
819 1392 876 1466 est,
909 1408 963 1448 nee
995 1391 1151 1466 quicquam

136 1480 235 1537 minus
259 1481 398 1538 convenit
428 1479 592 1539 adfectibus
620 1479 739 1552 matris,
769 1499 859 1554 quam
886 1480 913 1538 si
938 1481 1089 1539 insultare
1111 1482 1150 1539 vi·

136 1568 243 1626 deatur
266 1570 370 1627 occiso
416 1568 448 1626 in
479 1570 608 1647 gratiam
634 1587 682 1627 me
710 1587 777 1626 cum
798 1568 860 1626 filio
888 1567 1009 1628 reduxit
1032 1569 1179 1641 orbiteao

134 1658 212 1713 iram
234 1660 368 1715 nostram
389 1677 470 1717 mors
493 1676 596 1717 severa
617 1658 782 1732 conposuit.
829 1660 901 1733 quin
923 1656 1017 1716 immo
1040 1657 1148 1735 recogi-

135 1747 215 1803 tanti
236 1747 311 1804 mihi
333 1749 430 1805 totum
449 1747 554 1806 secreti
576 1747 658 1805 illius
681 1746 823 1821 ordinem,
847 1745 929 1804 subit
945 1747 1044 1806 tacita
1066 1747 1147 1806 mise·

134 1836 226 1908 ratic,
253 1838 396 1910 quantam
420 1854 474 1913 ego
498 1836 621 1894 debeam
643 1836 840 1895 reverentiam
866 1834 928 1894 filio
953 1855 1045 1911 quem
1067 1836 1148 1912 potui

134 1927 275 1998 torquere
299 1924 388 2000 solus,
412 1945 499 2000 quem
521 1927 610 2001 potui
632 1925 712 1984 solus
736 1925 875 1984 occidere.

202 2013 384 2090 Perseveras,
404 2014 494 2091 cogis,
508 2011 623 2073 instas?
659 2014 788 2072 invicem
801 2016 840 2088 te,
858 2013 974 2087 mulier,
989 2015 1147 2091 interrogo,
1159 2032 1179 2072 a

133 2121 186 2160 our
210 2104 235 2162 si
257 2105 342 2161 tanto
366 2121 454 2177 opere
477 2102 597 2161 volebas
628 2101 702 2162 scire
726 2102 798 2179 quid
820 2105 1052 2179 interrogarem,
1081 2101 1149 2180 quid

133 2191 185 2248 ille
209 2192 389 2266 loqueretur,
412 2210 472 2250 non
490 2193 637 2268 inruperis
661 2192 693 2249 in
716 2192 921 2268 quaestionem
945 2211 1039 2266 quam
1062 2192 1147 2251 nullis

133 2280 292 2355 ministris,
329 2281 419 2338 nullis
457 2281 627 2340 custodibus
663 2281 831 2340 vallaverat
869 2278 978 2356 pater?
1038 2283 1146 2357 quanto

132 2369 253 2444 melius,
285 2371 393 2443 mater,
425 2372 524 2445 ipsum
556 2367 687 2428 adisses?
740 2372 852 2445 quanto
884 2370 994 2429 fortius
1026 2370 1147 2429 interro·

132 2477 232 2533 gasses
255 2457 335 2516 una?
364 2462 475 2534 quanto
498 2459 555 2517 tibi
578 2459 666 2533 plura
689 2456 831 2519 dixisset?
872 2460 938 2533 quis
962 2459 1008 2533 te,
1034 2460 1173 2532 muliane

133 2546 265 2606 adfectus
298 2548 411 2625 abegit,
441 2549 553 2622 tenuit,
586 2545 732 2606 exclusit?
779 2565 907 2625 agnosco
939 2549 1146 2607 verecundiam

131 2638 229 2694 tuam:
248 2637 386 2711 timuisti,
406 2638 501 2711 oredo,
519 2657 565 2711 ne,
582 2637 607 2695 si
621 2637 720 2695 inille
735 2639 847 2695 secreto
862 2636 1023 2696 fuissemus
1040 2656 1146 2708 omnes

132 2725 273 2783 occidisse
296 2726 391 2783 filium
414 2725 562 2785 diceretur
585 2728 614 2784 et
637 2728 740 2785 mater.

198 2813 297 2873 iustas
325 2818 426 2873 tamen
456 2818 486 2873 et
515 2814 615 2873 miseri
643 2816 721 2874 senis
751 2834 803 2874 ora
831 2813 955 2873 diducis.
1001 2817 1081 2891 puta
1102 2833 1145 2872 me

204 3151 297 3214 lpost
314 3145 363 3198 ille
382 3145 446 3199 add.
466 3161 521 3214 que
539 3155 567 3198 Β
667 3127 886 3214 tparricidium
903 3154 932 3197 Β
1016 3162 1074 3200 non
1092 3144 1144 3199 obi.

129 3218 245 3281 torma
331 3216 521 3285 dinterroget
543 3226 564 3269 V
647 3223 680 3271 12
699 3218 780 3285 patre
798 3226 826 3269 Β
914 3221 948 3269 13
967 3217 1104 3287 quicquid
1123 3225 1147 3269 P

131 3328 164 3375 14
182 3324 308 3391 patries
387 3329 419 3376 15
439 3304 501 3378 cdm
518 3333 547 3376 Β
618 3329 651 3377 18
670 3322 805 3392 quoniam
822 3322 946 3391 potui?
1017 3325 1101 3378 acin
1118 3325 1144 3376 te

128 3411 197 3464 rogo
220 3405 241 3446 V
322 3401 355 3449 21
374 3397 522 3464 tantopere
545 3404 629 3458 Vuae
716 3394 941 3463 22eruperis1⁵
1025 3411 1108 3465 quem
1129 3403 1148 3446 1·

129 3469 317 3534 aequantem
340 3476 362 3518 V
418 3471 451 3519 26
471 3466 666 3520 verecondiam
684 3475 712 3519 P
770 3471 804 3519 27
823 3465 879 3519 nisi
896 3473 925 3517 Β
983 3471 1019 3519 19
1038 3468 1142 3520 tamen:

123 3537 197 3591 meis
215 3546 252 3609 M,
272 3555 341 3597 corr.
361 3559 393 3593 m
465 3538 582 3592 deducis
599 3559 637 3605 o,
654 3554 722 3592 corr.
743 3548 759 3589 r
