2408 3840
353 171 658 228 DECLAMATIONES
677 171 709 225 X.
728 171 775 225 XI.
947 114 951 137 ³
1003 170 1072 235 373

56 342 138 402 diam
160 342 258 401 facere
284 343 383 401 morti,
397 334 480 418 'quae
508 343 590 418 prius
619 360 685 400 cum
712 342 808 399 morte
835 343 971 416 tempora
994 341 1071 399 divi÷

56 433 137 491 serat
159 433 191 490 et
212 431 342 490 tenebris
359 429 522 489 fruebatur.
564 430 689 508 singulis
708 431 787 488 enim
809 429 947 489 noctibus
965 447 1071 506 corpus

56 539 72 580 e
96 521 232 597 sepulcro
250 522 402 596 resumpto
422 519 459 578 ad
482 522 608 579 matrem
626 519 761 596 placidus
785 521 815 577 et
832 520 956 594 pulcher
973 521 1071 578 venie·

56 610 118 668 bat.
160 627 239 668 nuno
261 610 389 687 ligatum
412 612 457 667 est
479 627 585 683 corpus
608 610 639 667 et
666 610 789 685 spiritus
812 627 830 666 a
853 626 948 685 mago.
995 627 1022 681 0,
1045 610 1072 667 si

31 717 159 760 emanes
182 699 261 756 inter
283 717 314 758 se
341 699 522 773 colloquium
548 697 672 771 habent,
699 716 759 756 non
782 696 864 757 deest
890 697 943 772 qui
970 697 1072 755 iuveni

55 807 122 847 meo
147 787 241 846 dicat:
265 805 355 862 quam
372 787 442 845 vilis
464 786 524 845 tuis
547 786 640 860 bristi,
664 805 755 861 quam
772 786 899 845 libenter
921 788 952 844 te
974 784 1072 862 perdi-

56 875 174 951 derunt,
197 879 227 935 et
249 895 285 934 ne
309 875 347 934 ad
368 875 474 935 matris
496 876 640 935 solacium
660 870 823 954 (quidem)
844 875 940 933 redire
963 876 1072 934 valeas.

54 969 145 1043 pater
167 984 186 1024 a
207 984 296 1042 mago
317 968 349 1024 te
371 966 442 1024 fecit
460 964 593 1024 vinciris
622 965 748 1024 crudelis
771 965 856 1024 fuisti
873 967 905 1023 in
923 963 1019 1022 filium
1043 965 1073 1022 et

54 1055 88 1114 in
111 1056 240 1114 matrem
263 1073 353 1130 quam
375 1055 541 1130 inquietam
569 1056 710 1113 continuo
737 1054 848 1127 fecisti,
876 1056 910 1112 ut
936 1053 1072 1129 perderet

20 1147 161 1204 senoctes
191 1148 223 1202 et
251 1143 321 1203 dies.
364 1162 381 1202 o
410 1162 510 1220 mage,
541 1142 661 1202 ostende
690 1144 898 1220 magisterium
926 1145 1013 1200 tuum
1043 1143 1073 1199 et

55 1245 150 1292 evoca
169 1233 307 1308 spiritum
326 1252 414 1308 quem
432 1232 555 1307 elusisti,
574 1252 610 1290 ne
629 1235 659 1290 te
677 1231 783 1291 reddas
801 1232 952 1306 infamem,
975 1247 1072 1305 neque

53 1323 183 1381 ulterius
207 1323 321 1381 saevias
343 1323 376 1379 in
398 1324 549 1380 mortuum
572 1324 602 1380 et
624 1322 656 1379 in
679 1323 813 1396 matrem,
837 1324 867 1379 et
889 1321 1004 1380 desinet
1026 1339 1072 1378 or·

52 1412 147 1471 fanus
170 1428 232 1470 esse
254 1409 332 1468 fflius
356 1413 386 1469 et
408 1413 505 1469 mater
526 1412 639 1470 orbata.

263 1641 314 1700 XI.
337 1640 434 1702 Dwss
457 1658 635 1702 aocvsarvs
658 1658 863 1701 Pnommoms.

10 1787 40 1828 ιι
125 1763 339 1840 Arywmeatuaa
361 1784 387 1825 c.
400 1785 433 1839 p.
452 1769 528 1842 206,
547 1768 576 1825 8.

64 1893 67 1910 s
126 1854 191 1914 Hoc
218 1858 264 1914 est
291 1855 370 1930 quod
398 1857 552 1931 potissime
579 1874 626 1913 me
649 1859 768 1933 gravat,
799 1855 963 1930 oiudices,
995 1855 1074 1931 quod

55 1943 179 2004 videtur
202 1945 260 2002 sibi
282 1946 355 2003 satis
383 1946 491 2004 vixisse
517 1947 617 2020 pater,
643 1947 803 2020 postquam
833 1944 941 2003 occidit
963 1944 1073 2003 liberos

55 2051 142 2092 meos
165 2036 195 2092 et
216 2033 272 2093 hoc
294 2034 448 2109 potissime
471 2034 590 2110 gaudet,
614 2037 647 2092 ut
670 2032 830 2093 orbitatem
852 2052 949 2091 meam
971 2032 1073 2091 liberis

57 2123 122 2182 suis
154 2122 312 2198 relinquat.
368 2123 481 2199 gratias
518 2141 574 2200 ago
607 2124 724 2181 civitati
759 2123 838 2197 quod
874 2141 920 2180 me
956 2120 1075 2180 fidelem

13 2230 43 2273 ao
57 2209 240 2294 aestimastis
271 2214 301 2269 et
329 2212 441 2269 bellum
470 2212 545 2270 mibi
573 2211 709 2288 publicae
741 2211 951 2271 sollicitudinis
981 2210 1074 2269 credi-

57 2301 155 2360 distis.
207 2300 258 2359 sed
286 2319 382 2376 neque
412 2319 467 2377 ego
496 2320 560 2359 rem
588 2301 720 2359 melioris
750 2300 832 2359 ducis
862 2301 959 2359 facere
988 2300 1074 2375 potui

58 2407 151 2465 quam
181 2389 260 2464 quod
290 2391 353 2449 sine
382 2388 483 2449 liberis
513 2391 586 2448 meis
616 2390 766 2466 profectus
796 2408 870 2448 sum.
915 2408 976 2448 non
1005 2388 1073 2447 reli-

59 2477 175 2554 quisset
204 2478 272 2537 illos
302 2479 361 2536 dux
390 2479 570 2556 proditurus.
611 2477 688 2538 filios
718 2497 798 2538 meos
828 2480 936 2538 civitas
966 2477 1074 2536 occidit

59 2565 181 2626 credens
205 2569 370 2627 accusatori
396 2587 443 2626 me
468 2568 651 2643 proditorem
678 2569 828 2627 asserenti.
870 2567 942 2626 fecit
968 2567 1074 2626 civitas

16 2675 45 2716 as
59 2655 204 2732 quicquid
225 2657 274 2715 hio
297 2656 333 2715 de
357 2676 404 2716 me
432 2656 529 2715 facere
557 2659 669 2734 potuit:
695 2656 773 2717 filios
800 2676 881 2716 meos
903 2658 1073 2715 innocentes

60 2743 178 2804 occidit.
219 2744 270 2804 sed
292 2748 402 2804 mirum
427 2746 522 2820 dictu,
549 2765 616 2806 cum
643 2747 769 2805 mortem
792 2746 923 2805 filiorum
951 2746 1074 2803 nuntius

58 2835 92 2892 in
112 2835 209 2893 castra
227 2834 361 2910 pertulit,
379 2854 440 2893 non
459 2853 542 2894 arma
560 2836 680 2912 proieci,
703 2855 762 2894 non
786 2836 929 2894 stationes
947 2835 1074 2893 vallum·

59 2941 119 2998 que
137 2923 261 2997 desenii,
284 2925 380 2982 totam
399 2924 559 2983 orbitatem
577 2943 674 2983 meam
692 2926 724 2982 in
744 2925 824 2982 bella
843 2925 985 2999 converti,
1007 2924 1074 2981 tan-

60 3030 152 3087 quam
180 3012 288 3071 liberos
318 3022 399 3071 meos
421 3013 464 3071 ibi
492 3014 694 3090 perdidissem.
739 3032 792 3073 vos
821 3016 922 3072 autem
949 3031 1076 3088 quorum

18 3120 46 3162 ac
59 3100 138 3160 lilios
160 3100 240 3160 bello
263 3103 459 3177 salvaveram,
480 3101 559 3162 filios
581 3121 662 3161 meos
681 3102 838 3162 occidistis.
883 3105 953 3178 peto
972 3103 1075 3178 igitur,

59 3192 96 3248 ut
120 3190 293 3249 occidantur
315 3190 370 3249 filii
388 3192 528 3267 pauperis
552 3194 604 3267 qui
621 3210 701 3251 meos
720 3193 893 3267 procuravit
911 3191 1018 3264 occidi,
1041 3192 1076 3248 ut

60 3280 104 3338 sic
121 3279 265 3355 puniatur
282 3280 315 3338 in
334 3300 376 3355 eo,
394 3282 426 3339 in
446 3301 504 3356 quo
523 3281 658 3357 deliquit.
695 3281 746 3340 sed
768 3282 852 3340 dicis:
877 3281 1076 3339 calumniator

60 3367 141 3426 idem
172 3370 316 3444 patiatur.
371 3371 401 3428 et
436 3389 491 3450 ego
531 3370 597 3432 dico
633 3370 716 3448 quod
747 3389 814 3430 non
841 3369 932 3428 idem
961 3368 1101 3440 pateras

55 3458 117 3512 nisi
139 3459 184 3513 tui
202 3457 260 3514 rilii
282 3459 460 3521 occidantur
482 3464 519 3523 ut
542 3465 621 3526 mei:
646 3464 753 3524 maior
779 3461 868 3523 enim
888 3458 981 3516 dolos
1003 3452 1048 3506 ba
1070 3463 1122 3537 ψ·

10 3541 232 3602 “malibus
255 3564 348 3620 ‘luam
379 3549 416 3610 de
447 3556 621 3634 suppliciis
648 3557 756 3619 uenit.
806 3547 1007 3613 calamitas
1024 3525 1161 3598 ΜΨ
