2408 3840
139 169 183 233 m
476 130 818 223 efflmmfflm

138 357 255 397 vercam
286 339 393 396 timeas
430 340 596 414 negantem.
642 355 701 395 non
732 336 823 395 habet
853 335 943 395 fidem
974 338 1004 395 ei
1033 335 1152 395 credere

137 427 332 502 parricidium
355 444 443 502 quem
466 428 542 485 scias
564 426 762 502 proditurum,
784 425 843 484 nisi
864 425 1080 501 impetraveris.

86 515 123 572 12
204 515 261 574 Per
282 514 378 590 fidem,
401 515 526 589 iudices,
550 515 709 593 diligenter
732 515 876 573 attendite
900 515 1032 574 criminis
1054 515 1151 573 diver-

138 607 265 663 sitatem.
310 606 490 680 temptatam
518 623 548 663 se
579 605 612 662 in
643 603 797 680 parricidii
828 604 1009 664 conscientia
1044 605 1152 662 mulier

138 693 283 752 adfirmat.
317 695 383 769 quis
401 711 471 752 vero
490 692 607 752 dubitet
624 712 776 768 nunquam
795 693 851 752 hoc
868 693 1041 770 privignum
1057 693 1149 752 fuisse
1172 711 1183 753 1

136 783 295 856 facturum,
318 783 344 841 si
366 782 475 841 habere
498 783 648 840 conscium
669 783 817 858 potuisset
839 780 956 840 alium?
992 783 1080 858 atqui
1101 801 1149 841 ve-

136 891 245 930 nenum
268 872 329 930 iam
351 872 485 947 paravit,
512 872 592 929 emit.
640 873 670 930 et
692 889 759 930 cum
781 872 854 930 haec
877 871 941 946 ipse
969 870 1068 930 facere
1090 886 1149 930 non

136 962 268 1037 potuerit
291 978 403 1035 caecus,
427 960 492 1035 quis
516 963 562 1019 est
583 962 641 1018 iste
660 962 708 1018 cui
725 959 878 1035 parricidii
899 961 1020 1019 tantum
1039 962 1149 1018 instru-

136 1053 237 1109 menta
266 1046 446 1107 creduntur?
491 1067 544 1106 cur
575 1068 636 1108 non
667 1048 746 1107 idem
777 1050 907 1126 porrigit
932 1047 1018 1108 seni?
1048 1049 1098 1108 vel
1124 1048 1149 1108 si

135 1158 195 1197 non
222 1139 322 1214 potest
345 1137 442 1213 decipi
469 1140 594 1198 maritus
617 1139 677 1197 nisi
699 1138 835 1196 manibus
863 1140 977 1214 uxoris,
1004 1156 1059 1197 cur
1081 1140 1149 1197 ante
1162 1157 1186 1199 re

135 1227 329 1302 parricidium
356 1228 483 1285 struitur
510 1246 600 1302 quam
627 1228 715 1301 sciat,
748 1247 787 1287 an
816 1245 944 1286 noverca
969 1225 1150 1304 promittet?

135 1335 205 1373 nam
233 1315 313 1391 quod
339 1316 405 1374 vult
432 1316 528 1375 videri
556 1316 733 1393 promissam
762 1315 821 1375 sibi
849 1319 967 1392 partem
994 1316 1149 1390 bonorum,

136 1424 196 1464 non
215 1407 260 1464 est
278 1407 494 1482 argumentum,
514 1407 573 1464 nisi
591 1408 621 1464 et
638 1406 738 1481 ipsum
755 1405 909 1480 probatur.
945 1406 1054 1464 mulier
1073 1424 1149 1481 quae

136 1493 316 1553 sollicitatur
330 1494 368 1552 ad
381 1495 506 1568 facinus,
522 1493 770 1569 quemadmodum
786 1493 844 1553 sibi
857 1494 994 1568 consulit,
1011 1513 1049 1552 ne
1063 1495 1149 1553 illam

135 1583 285 1659 parricida
308 1582 461 1659 decipiat?
505 1586 536 1642 et
557 1583 748 1659 probationes
771 1585 938 1660 prospicere
962 1582 1074 1658 debuit,
1098 1600 1183 1645 saun

135 1672 254 1731 factura
277 1672 356 1747 quod
378 1673 549 1751 rogabatur,
573 1691 625 1731 seu
647 1671 811 1749 proditura.
852 1671 927 1731 adde
950 1672 1031 1747 quod
1053 1691 1148 1749 neque

136 1761 200 1820 odit
222 1780 379 1821 novercam
403 1780 505 1820 caecus
529 1763 577 1820 cui
598 1761 792 1837 parricidium
815 1761 921 1836 credit,
947 1779 1043 1836 neque
1067 1762 1149 1822 here-

136 1849 230 1908 ditate
262 1851 462 1926 corrumpitur
497 1850 582 1909 cuius
619 1852 775 1910 contentus
812 1853 858 1909 111
892 1853 978 1925 parte
1015 1850 1147 1910 dimidia.

135 1957 231 2013 nemo,
253 1939 374 2014 iudices,
396 1939 591 2014 parridicium
612 1941 703 1998 faciet
727 1958 784 2014 quo
808 1939 885 1997 alius
908 1941 1020 1998 utatur.
1063 1941 1147 2018 exigo

133 2029 242 2105 igitur,
273 2028 307 2085 ut
333 2027 413 2086 istud
443 2027 636 2104 parricidium
668 2030 748 2087 caeci
775 2030 809 2086 tu
841 2028 934 2102 socia,
966 2030 1001 2086 tu
1030 2029 1183 2088 consciam

134 2116 322 2175 manifestius
344 2116 459 2192 probes.
505 2116 577 2192 quid
606 2135 679 2194 opus
707 2120 765 2191 est,
793 2118 910 2174 utiam
932 2136 1088 2176 venenum·
1103 2119 1146 2176 iu-

133 2207 217 2266 venis
244 2203 375 2264 habeat?
401 2207 502 2281 potius
530 2205 713 2264 sermonibus
735 2207 841 2265 vestris
868 2205 1024 2282 interpone
1046 2209 1146 2281 testes,

133 2296 182 2354 fac
205 2313 305 2354 coram
328 2295 420 2354 servio
443 2295 595 2370 loquatur,
617 2295 665 2354 fac
686 2295 829 2354 intersint
851 2295 947 2371 amici,
970 2296 1019 2354 fac
1043 2295 1147 2354 audiat

133 2387 226 2460 pater.
264 2383 443 2442 facillimum
462 2386 507 2443 est
526 2385 606 2442 caeci
624 2383 758 2459 decipere
777 2386 929 2444 secretum.
965 2386 1059 2461 utere,
1083 2404 1145 2443 mu·

133 2473 197 2548 lior,
229 2473 348 2531 homine
376 2473 428 2548 qui
456 2491 486 2531 se
518 2472 666 2532 commisit
693 2472 787 2532 oculis
819 2473 887 2532 tuis.
934 2476 1017 2531 utere
1049 2472 1145 2532 verbis
1156 2488 1181 2531 11

133 2581 209 2638 quae
232 2561 325 2638 regis,
347 2561 483 2620 manibus
503 2580 579 2636 quae
598 2580 706 2621 moves.
743 2562 811 2620 volo
829 2580 976 2622 venenum
996 2563 1060 2639 ipse
1079 2581 1146 2638 pro-

132 2650 224 2725 ferat,
251 2650 314 2727 ipse
342 2651 490 2728 porrigat,
517 2651 585 2709 vole
612 2653 643 2709 te
669 2669 771 2709 rursus
798 2651 830 2709 in
857 2650 973 2710 facinus
1000 2651 1146 2724 hortetur,

132 2740 201 2798 volo
222 2740 309 2815 plura
329 2740 495 2815 promittat.
532 2739 725 2815 parricidium
743 2739 823 2799 caeci
840 2739 1021 2816 deprehendi
1038 2742 1147 2815 potest,

80 2827 117 2883 18
132 2827 203 2886 dum
225 2827 282 2887 tibi
304 2828 425 2887 fatetur.
463 2822 546 2904 ‘sed',
569 2826 678 2904 inquit,
702 2824 852 2888 ‘inventus
873 2831 918 2888 est
936 2830 1040 2887 tenens
1058 2848 1147 2888 vene-

204 2961 395 3067 Vpariidium
417 3006 439 3049 V
480 2997 667 3067 ediligenter
686 2976 788 3065 11111,
808 2997 918 3052 addm
967 2998 1146 3053 tconscien·

132 3069 202 3122 tiam
221 3069 277 3122 Bu.
351 3068 581 3123 6111111111
633 3069 725 3138 atqui:
746 3071 777 3123 at
790 3069 859 3138 quid
878 3078 911 3123 n
980 3070 1086 3125 'demit
1104 3072 1145 3125 et:

132 3140 244 3194 emittet
261 3149 289 3193 Β
341 3142 370 3193 11
388 3149 486 3194 11111
537 3142 616 3194 8111
633 3157 707 3210 repr.
727 3149 749 3192 V
801 3145 886 3194 91111·
902 3156 959 3193 non
978 3143 1044 3195 ante
1061 3150 1115 3194 BV

132 3210 157 3264 si
181 3229 251 3266 non:
277 3211 321 3265 vel
347 3211 419 3278 sine,
445 3228 501 3264 non
524 3210 582 3281 legi
606 3213 701 3281 potest
722 3233 754 3264 m
779 3212 811 3266 11
833 3228 918 3282 morp.
992 3217 1025 3265 11
1046 3229 1145 3282 quam:

132 3284 208 3351 quod
227 3293 254 3336 Ρ
325 3288 357 3336 18
377 3284 779 3365 101111111111111111111113
840 3285 1047 3350 1011111111,
1068 3300 1146 3354 supr.

131 3370 1145 3476 mummmmffimrewwrnmm

131 3486 169 3545 11,
188 3495 262 3547 capr.
277 3499 309 3530 m
389 3483 588 3534 1711111111
605 3488 746 3533 11111111
801 3481 909 3533 ortetur
926 3488 948 3531 V
1022 3483 1056 3533 29
1075 3479 1145 3533 tibi:

126 3549 230 3616 11111,
249 3565 318 3604 amr,
335 3561 348 3601 s
418 3548 523 3604 fetetur
540 3559 562 3602 V
