2408 3840
112 174 177 237 402
421 171 809 226 uxennrrnrnnrsnu.

392 393 473 454 VHI.
498 392 612 453 Gnnmr
633 411 844 454 nnnovnnrns.

178 518 390 592 „balaneorum
408 537 434 576 c.
448 536 480 590 p.
502 521 574 587 146,
594 521 614 576 3
637 521 809 578 omitteretur
825 521 931 579 verbo:
953 521 1063 597 gemini
1079 551 1118 560 —

111 611 272 682 coeperunt
295 612 320 666 et
343 609 534 683 permittente
557 639 599 647 —
622 607 759 682 inspexit.

178 698 285 755 Mater.
318 698 463 771 quamvis,
477 695 597 769 iudices,
608 696 769 771 plurimum
782 697 1007 757 infelicissimae
1021 698 1119 756 matris

112 785 276 843 adversitas
299 786 499 844 miserationis
526 785 683 844 abstulerit
712 786 791 860 quod
819 806 854 844 ex
884 786 1001 846 duobus
1025 787 1146 846 liberios

112 876 177 950 pari
205 874 409 949 desperatione
437 874 647 951 languentibus
676 875 752 933 alter
781 876 891 950 evasit,
919 878 950 934 et
976 876 1119 951 plerisque

111 964 273 1020 maximum
296 962 428 1021 dolorem
451 964 548 1038 prima
575 963 673 1021 fronte
695 963 893 1022 tractantibus
921 965 1042 1023 videtur
1064 966 1118 1023 ari·

112 1053 190 1110 ditas
214 1050 400 1128 gaudiorum,
426 1053 461 1108 ut
482 1051 569 1110 modo
593 1051 631 1109 ad
652 1053 745 1112 totius
768 1052 906 1112 orbitatis
930 1053 1052 1113 redacta
1073 1072 1119 1130 pa·

111 1142 249 1199 tientiam
268 1141 329 1198 iam
352 1158 411 1198 non
431 1141 470 1197 sit
493 1141 580 1199 unius
599 1141 695 1200 salute
715 1142 866 1202 contenta:
889 1160 950 1199 non
970 1161 1119 1218 possumus

110 1233 210 1287 tamen
234 1228 387 1288 affectibus
410 1231 519 1288 nostris
542 1229 620 1289 hanc
641 1231 769 1305 primam
791 1229 982 1290 tristissimae
1006 1231 1146 1290 calami-o

110 1318 182 1376 tatis
206 1317 336 1395 allegare
365 1336 532 1376 mensuram
563 1337 639 1393 quae
666 1339 701 1378 ex
727 1321 793 1394 ipsa
823 1318 924 1378 solatii
953 1321 1000 1379 sui
1029 1320 1119 1380 condi·

110 1409 190 1464 tione
221 1406 378 1464 descendit.
419 1406 514 1464 filiurn
544 1409 647 1482 itaque
675 1427 693 1465 a
718 1410 802 1483 patre
832 1410 863 1466 et
891 1408 1008 1468 medico
1040 1429 1119 1485 quem

111 1496 257 1569 commisi,
286 1496 414 1570 requiro.
460 1497 555 1555 Pater.
592 1496 677 1570 lieet,
706 1496 739 1557 P.
761 1495 800 1570 0.,
828 1496 939 1556 doloris
974 1500 1119 1573 quantitas
1151 1542 1156 1569 q

111 1585 280 1642 absolutum
306 1604 353 1643 me
375 1587 455 1643 recte
482 1585 605 1659 fecerat,
628 1587 782 1662 magisque
805 1586 1010 1664 plangendum
1039 1607 1119 1662 quam

110 1672 347 1746 respondendum
369 1676 442 1748 erat,
465 1694 501 1730 ne
521 1672 593 1748 quid
615 1677 716 1732 tamen
734 1675 781 1748 vel
799 1675 995 1752 neglegenter
1018 1679 1066 1735 vel
1082 1679 1119 1734 in·
1130 1694 1146 1734 o

109 1763 238 1819 humana
252 1766 349 1821 actum
360 1763 481 1838 putetis,
494 1762 699 1838 impatientiae
708 1763 842 1821 mulieris
850 1783 915 1823 mos
925 1766 1062 1841 agendus
1074 1768 1120 1824 est

110 1851 199 1924 idque
216 1852 345 1926 primum
364 1851 476 1923 audiat,
495 1852 566 1925 quia
585 1852 784 1910 communium
799 1851 963 1910 liberorum
981 1855 1120 1914 rationem

110 1940 166 1998 sibi
185 1959 244 1998 nou
259 1940 357 1999 debeo.
398 1942 442 1997 M
458 1959 534 2014 quae
552 1940 619 2016 plus
637 1941 760 2016 praebet
778 1943 894 1999 animae
913 1944 946 2000 et
965 1946 1120 2020 sanguinis,

110 2032 259 2104 particeps
279 2030 336 2086 erit
354 2031 471 2086 tantum
490 2027 622 2087 doloris?
661 2031 694 2088 P.
713 2033 748 2088 ut
765 2049 840 2088 unus
859 2034 1032 2106 sanaretur,
1054 2033 1120 2091 alter

110 2120 233 2176 interiit.
280 2119 323 2175 M.
347 2120 383 2175 ut
410 2137 486 2176 unus
517 2118 625 2192 evasit,
655 2120 700 2176 ita
729 2121 759 2176 et
789 2118 865 2176 alter
895 2122 1051 2180 evasisset
1092 2121 1145 2178 Rs

110 2207 263 2264 considera
285 2209 443 2281 utrumque
465 2206 638 2282 periturum,
661 2207 804 2283 gaudebis
827 2227 919 2265 unum
944 2227 1009 2269 esse
1033 2214 1120 2270 retou-

110 2298 181 2352 tum.
223 2297 268 2353 M.
292 2295 358 2353 vide
387 2295 422 2353 de
446 2295 559 2354 duobus
587 2298 725 2355 neutrum
753 2297 875 2372 periisse
904 2297 967 2355 nisi
990 2302 1119 2358 occisum

110 2384 142 2439 P.
162 2384 364 2460 ingratissima
383 2384 514 2442 omnium
533 2385 691 2443 mulierum
709 2403 768 2443 non
788 2388 971 2461 quereretur,
995 2389 1058 2448 nisi
1074 2390 1122 2447 iste

109 2474 243 2530 evaserit.
292 2475 336 2530 M.
360 2475 582 2532 insanissimum
608 2476 727 2549 patrum
753 2476 885 2532 omnium
908 2474 1072 2551 desperare
1093 2477 1123 2537 o

110 2566 236 2635 utroque
266 2581 325 2620 non
355 2565 465 2636 potest,
496 2561 568 2620 dum
598 2581 674 2621 unus
705 2566 825 2621 sanatus
855 2564 907 2622 est.
951 2565 987 2622 P.
1018 2569 1148 2627 inimus

108 2649 254 2723 inpetitur
278 2652 331 2724 qui
354 2670 449 2726 aequo
472 2651 572 2709 dolore
596 2650 794 2710 confunditur.
836 2653 881 2709 M.
906 2655 1050 2729 quisquis
1074 2656 1123 2717 sibi

107 2756 170 2795 rem
194 2735 333 2815 magnam
356 2740 458 2798 fecisse
477 2740 603 2813 videtur,
626 2759 644 2798 a
667 2739 767 2798 dolore
791 2740 966 2816 explicatur.
1010 2746 1046 2802 P.
1072 2765 1123 2804 non

107 2827 205 2884 minus
229 2827 397 2904 diligebam.
439 2830 483 2886 M.
503 2847 562 2887 non
586 2829 673 2887 citius
692 2829 884 2905 desperasses.
925 2832 960 2888 P.
982 2853 1041 2910 ego
1065 2839 1124 2894 tan·

107 2915 230 2972 tundem
260 2916 384 2990 perdidi.
433 2919 478 2975 M.
501 2937 560 2975 non
590 2917 688 2992 perdit
717 2917 812 2976 filium
841 2919 894 2995 qui
923 2921 1046 2980 occidit.
1095 2923 1123 2981 P.

108 3023 186 3061 unus·
202 3023 262 3060 non
282 3005 439 3080 occidetur,
457 3025 494 3063 ne
514 3010 637 3082 uterque
655 3005 821 3065 moriatur?
856 3009 901 3066 M.
920 3008 998 3068 duos
1017 3013 1151 3071 occidito

108 3092 192 3150 cuius
211 3095 278 3150 uter
297 3095 485 3168 occideretur,
504 3115 562 3153 non
581 3096 725 3155 interfuit.
767 3097 799 3153 P.
819 3096 925 3154 medici
944 3101 1124 3159 moriturum

181 3270 193 3314 1
215 3262 306 3317 malae
324 3264 501 3317 tractationis
521 3265 559 3318 sit
577 3265 650 3319 actio
669 3264 707 3318 Vl
726 3264 771 3318 lex
789 3275 816 3318 Ρ
892 3271 906 3318 'l
925 3267 1060 3321 videatur
1083 3277 1124 3322 51

105 3338 137 3387 11
158 3332 375 3407 alligarem}
433 3335 677 3389 condictionem
737 3341 770 3389 13
788 3336 908 3403 requirit
926 3346 955 3392 11
1020 3347 1055 3393 15
1074 3341 1120 3394 hu·

97 3425 183 3465 mane
209 3418 254 3467 VB
319 3416 353 3467 16
373 3407 510 3465 muliebri
526 3416 600 3462 nvn
652 3406 1120 3481 ieiuniosu31=tudd.m.2)1c

88 3490 128 3539 20
147 3485 227 3543 alius
252 3497 304 3543 VB
387 3491 421 3541 Ἃ
441 3481 630 3549 redemptum
649 3484 694 3527 BV
768 3478 807 3522 ‘aa
823 3487 926 3546 sipon
940 3481 970 3521 R
1032 3484 1129 3538 *itu*

81 3561 159 3617 trem
183 3573 273 3621 um
353 3566 393 3618 26
414 3557 471 3631 qui
490 3557 523 3611 iu
543 3568 603 3609 ros.
625 3556 666 3611 Pa
683 3539 765 3612 <iffi
779 3548 819 3600 Vi
833 3537 905 3598 ‘iffi
923 3544 947 3584 ⁸
