2408 3840
115 131 180 197 308
411 173 415 180 .
436 128 620 184 VENENVM
638 126 810 184 EVVVsVsr

116 300 216 373 rendi,
245 299 341 357 multa
362 301 505 376 paternae
528 299 650 375 pietatis
674 297 834 358 abstulerit
860 297 1037 372 infirmitas,
1065 296 1133 374 quid

116 409 176 449 non
203 388 311 464 implet
336 390 466 464 repetita
494 386 627 447 delatio?
670 405 806 447 reversus
830 405 861 446 es
888 389 922 446 in
949 387 1049 448 forum
1076 388 1134 446 iam

116 479 156 536 ad
183 477 296 536 iudices
322 478 425 537 iratos.
471 479 584 552 quanto
611 480 723 536 terrore
749 480 857 536 cuneta
885 475 1016 552 perculit
1042 476 1135 552 pudor

115 568 167 626 ille
195 567 257 625 iam
279 565 353 625 vieti
380 570 410 625 et
432 565 584 625 redeuntis
608 567 638 625 in
663 565 837 626 damnatam
864 563 1133 626 conluctationem?

116 658 213 715 acrior
240 673 357 730 semper
379 674 414 713 ex
437 654 615 714 verecundia
637 655 729 714 dolor.
775 655 828 714 sed
851 658 882 714 et
905 654 1043 715 iudicum
1064 672 1133 716 oure

118 748 232 823 quanto
264 745 435 822 malignior¹
458 746 536 803 eirea
567 744 717 803 redditum
748 741 854 803 reum?
911 763 1004 820 quam
1035 744 1134 804 multis

117 834 217 910 placet
239 834 295 892 illa
317 833 353 892 de
372 832 613 892 dissimilitudine
636 833 890 910 pronuntiationis
909 833 1085 908 auotoritas,
1107 836 1134 892 et

118 922 249 984 severior
270 922 390 981 videtur
412 922 530 981 diversa
553 919 721 981 sententia?

81 1015 99 1069 9
185 1011 288 1070 Tertia
305 1030 376 1070 vero
395 1010 554 1086 abdicatio,
577 1010 621 1068 dii
636 1011 821 1086 inmortales,
839 1029 928 1086 quem
947 1011 1134 1088 adparatum,

119 1121 208 1177 quem
231 1102 325 1159 mouit
347 1100 505 1173 ambitum!
544 1117 598 1178 ego
616 1100 710 1158 miror
730 1099 810 1175 qnod
831 1099 908 1158 mihi
924 1099 1014 1159 licuit
1032 1101 1133 1174 audiri,

120 1189 200 1266 quod
217 1207 265 1247 me
284 1208 343 1248 non
359 1191 464 1248 statim
482 1189 594 1265 primus
613 1189 803 1265 querelarum
816 1189 967 1248 tumultus
982 1191 1133 1267 oppressit.

120 1278 194 1354 quid
211 1281 279 1354 post
296 1281 355 1337 ista
373 1278 453 1354 novi,
475 1280 571 1354 pater,
592 1277 671 1337 obici
693 1274 813 1353 potest?
848 1277 928 1336 inter
946 1278 1039 1358 leges,
1060 1280 1134 1338 inter

117 1370 184 1426 iura
207 1367 360 1441 consenui,
382 1387 442 1426 non
464 1367 559 1426 babeo
581 1368 615 1425 in
637 1367 769 1427 moribus
792 1367 866 1426 meis
890 1366 973 1442 quod
995 1388 1055 1428 non
1077 1388 1133 1427 me·

118 1457 178 1514 lius
200 1456 313 1516 iudices
335 1456 440 1516 sciant.
477 1457 591 1516 seilicet
608 1457 691 1532 capit
708 1459 816 1515 natura
833 1475 943 1531 rerum,
966 1459 1002 1515 ut
1018 1457 1133 1516 futurus

118 1545 269 1623 parricida
295 1564 356 1603 non
383 1545 571 1621 praemiserit
597 1546 697 1620 notae,
726 1546 817 1604 nullis
847 1547 918 1604 ante
946 1546 988 1605 sit
1015 1548 1133 1606 maximi

120 1635 237 1693 sceleris
255 1635 416 1693 inmanitas
434 1634 619 1694 tumultuata
636 1635 772 1713 flagitiis3
791 1637 822 1693 et
835 1634 1015 1711 quandoque
1034 1636 1133 1709 culleo,

120 1722 305 1799 serpentibus
333 1723 481 1800 expianda
507 1723 611 1782 feritas
644 1723 697 1782 sub
730 1723 850 1799 placida
880 1725 982 1782 mente
1009 1726 1133 1800 primam

120 1814 279 1887 pertulerit
302 1810 451 1870 aetatem?
488 1811 570 1870 aliud
594 1815 640 1871 est
661 1815 835 1871 miserorum
858 1830 951 1890 genus
976 1813 1060 1888 quod
1080 1814 1132 1873 cle·

120 1903 246 1976 mentia,
279 1901 359 1976 quod
385 1901 574 1961 succurrendi
600 1902 702 1960 favore
731 1902 900 1960 dimittitur.
947 1901 1133 1962 absolverunt

121 2011 167 2048 me
191 1991 243 2065 qui
261 1990 394 2049 sciebant
410 2009 471 2049 non
493 1991 683 2067 profuturum
705 1990 780 2048 mihi
798 1989 877 2066 quod
894 2007 955 2048 non
975 1991 1131 2051 abdicarer.

121 2080 285 2156 proclames
308 2079 401 2157 igitur
423 2080 507 2139 licet:
532 2075 667 2138 ‘subinde
686 2079 788 2154 detuli,
811 2084 900 2155 saepe
919 2083 1045 2154 questus
1064 2101 1132 2154 sum,

120 2173 167 2227 ter
189 2169 326 2228 abdicare
349 2164 452 2243 volui',
483 2170 539 2228 hoo
565 2171 667 2227 tamen
689 2186 735 2227 res
759 2169 819 2228 ista
841 2167 930 2227 debet
953 2169 1080 2246 efficere,
1100 2171 1132 2228 nt

120 2259 178 2316 tibi
195 2278 256 2317 non
274 2261 411 2335 oporteat
429 2257 508 2317 credi
527 2256 669 2333 quioquid
688 2257 770 2316 aliud
793 2257 942 2317 obieceris.
980 2278 1041 2318 non
1060 2260 1132 2319 enim

121 2348 264 2422 sequitur,
290 2350 386 2422 pater,
413 2350 448 2406 ut
470 2367 518 2406 me
541 2348 601 2406 tuis
626 2346 798 2406 criminibus
822 2365 955 2420 accuses,
984 2349 1067 2424 quod
1086 2366 1131 2407 no

122 2438 236 2495 centem
257 2438 319 2494 tuis
342 2436 474 2496 moribus
497 2435 603 2513 probes
625 2434 742 2494 filium?
776 2435 958 2512 parricidam
982 2457 1044 2496 non
1065 2438 1132 2497 facit

193 2665 206 2711 1
228 2657 275 2723 Q*
295 2669 316 2711 V
394 2665 409 2712 2
428 2660 533 2728 repetit
550 2659 720 2714 adeleotiore
739 2675 834 2714 versus
853 2668 875 2712 V
957 2677 1087 2716 reversus
1104 2677 1132 2715 ea

120 2746 251 2784 neversus
269 2740 297 2784 Β
376 2729 434 2784 iam
452 2732 503 2784 ad:
524 2733 601 2785 amat
618 2741 640 2783 V
717 2736 732 2784 3
751 2730 841 2786 iratus
860 2753 879 2784 α
963 2733 1086 2801 pertulit
1102 2754 1133 2795 ο;

120 2820 189 2857 corr.
206 2802 254 2856 Gr.
322 2807 337 2856 5
357 2803 386 2856 et
402 2819 477 2871 supr.
492 2811 520 2855 Β
591 2808 607 2855 6
625 2802 766 2872 malignor
784 2813 812 2856 P
863 2802 1042 2858 redditurum
1056 2813 1089 2858 Ι

123 2889 221 2941 quam:
242 2873 264 2952 9
283 2884 321 2940 P3
344 2874 444 2943 quanti
463 2890 548 2942 quam
568 2882 600 2926 Μ
668 2880 683 2927 ‘l
703 2874 752 2929 ille
771 2882 824 2927 BV
891 2875 1134 2930 dedissimilitndi·

120 2962 186 2998 nem
204 2954 225 2996 V
292 2948 325 2998 ut
344 2966 362 2997 α
444 2950 459 2997 9
479 2945 532 2997 dii:
552 2944 590 2998 du
608 2955 663 2998 BP
744 2951 777 2998 10
796 2948 890 3000 movet
909 2955 946 3012 1³;
964 2946 1047 3000 novit
1066 2956 1086 2999 8

120 3016 209 3070 lecuit
226 3026 249 3068 V
317 3021 348 3069 11
369 3016 557 3083 querellarum
575 3026 603 3069 Β
673 3017 794 3086 opressit
807 3027 835 3070 Β
907 3022 940 3071 12
963 3021 1042 3086 post:
1062 3017 1135 3088 apud

121 3150 148 3194 Β
199 3141 280 3195 novit
297 3149 318 3192 V
367 3105 516 3211 intelleIpes
529 3150 557 3194 Β
611 3146 644 3194 13
663 3139 755 3212 habe}
773 3142 796 3213 (t
810 3157 848 3194 aa
867 3158 883 3195 o
902 3159 938 3196 er.
954 3142 1134 3268 dubiumplm

121 3213 242 3267 habet-V
290 3211 421 3283 quong
469 3219 503 3266 14
517 3213 752 3281 fiantllacom·
803 3218 836 3266 16
850 3212 981 3282 flagiisl·
1033 3231 1067 3269 eo
1090 3222 1136 3269 oV

120 3343 155 3390 17
177 3337 368 3408 serpentibus:
392 3336 457 3392 -bus
475 3358 506 3390 m
524 3338 556 3391 iu
573 3353 628 3392 ras.
707 3343 739 3390 19
763 3336 887 3392 favorem
905 3287 1070 3405 lau-{1

104 3453 143 3502 22
167 3413 207 3505 ter
224 3459 266 3520 Β;
293 3436 342 3507 etr
360 3460 389 3507 Ρ
471 3448 624 3504 tantuma
702 3444 784 3496 itaV
859 3446 898 3492 ‘ab
913 3441 1032 3493 o‘dxoen'xs
1047 3455 1073 3495 ι

93 3527 131 3577 24
153 3524 295 3604 aecustes
317 3535 348 3583 Β
595 3542 598 3546 ·
