2406 3832
359 171 594 226 subsanasse
612 171 676 227 XIV
695 178 772 226 o-8.
1005 172 1078 244 211„

58 341 152 417 quod·
165 341 331 417 petebatur,
359 343 475 417 reliqua
498 360 614 418 quoque
638 342 751 400 viribus
773 342 890 400 vicinae
916 341 999 418 tabis
1023 360 1072 399 ex·

57 432 168 506 pisant.
214 431 360 506 quaedam
387 431 522 491 fortassis
545 430 742 490 medicamina
769 431 894 506 possunt
916 430 998 489 eliud
1020 449 1074 489 vo-

57 521 122 587 cari
144 538 234 595 quam
257 539 411 585 venenum.
449 520 519 579 dere
542 519 622 595 quod
645 519 807 594 nonlicet,
830 537 889 578 non
912 521 958 578 est
980 519 1073 594 aliud,

58 627 150 684 quam
174 608 355 668 veneficium.
1075 669 1076 672 ,

28 720 44 765 s
75 753 77 755 ,
114 697 290 771 Quantum,
313 697 455 773 nefanda,
479 697 514 756 de
537 699 640 774 poenis
662 697 801 756 humanis
828 697 995 774 excogitare
1019 717 1072 773 po-

57 783 166 845 tuisti?
210 788 397 846 innocentius
420 786 601 846 mehercules
624 787 736 859 fuerat,
764 788 799 844 ut
822 788 936 845 amaret
963 787 1072 860 aliquis

56 877 179 936 insitus.
226 877 378 951 potionem
401 877 578 953 excogitasti
600 893 659 951 qua
686 874 767 934 bella
789 876 987 949 committere,
1014 893 1073 948 qua

57 981 89 1024 se
112 966 211 1022 totum
238 965 401 1023 humanum
428 983 520 1042 genus
547 967 647 1041 posset
672 964 776 1024 odisse.
822 965 921 1040 potest
949 962 1076 1036 efficere,

57 1055 93 1113 ut
116 1072 176 1111 non
200 1055 300 1111 ament
321 1053 430 1116 liberos
453 1057 600 1129 parentes,
623 1056 657 1112 ut
678 1054 932 1129 propinquitates,
956 1054 990 1111 ut
1012 1051 1072 1109 fra·

15 1164 44 1215 1⁰.
57 1143 194 1215 temitas,
217 1144 252 1200 ut
275 1144 409 1200 amicitia
432 1161 462 1201 se
486 1142 616 1201 collidat
653 1142 715 1201 odii
737 1144 890 1218 potionem
914 1159 1000 1202 nemo
1025 1159 1073 1199 ac-

58 1233 133 1308 cipit
155 1232 214 1289 uisi
237 1233 340 1298 contra
363 1232 513 1290 hominem
536 1250 624 1307 quem
646 1250 706 1291 non
730 1230 817 1290 debet
840 1231 943 1291 odisse.
1074 1285 1076 1294 .

125 1321 266 1395 Temptat
292 1321 347 1378 hoo
374 1321 439 1380 loco
467 1322 679 1380 nocentissima
703 1321 882 1379 feminarum
905 1319 940 1378 de
964 1320 1072 1379 scelere

57 1428 112 1469 suo
145 1410 242 1468 facere
274 1408 456 1468 beneficium.
504 1404 721 1482 ‘meretricem’,
748 1411 861 1485 inquit,
885 1403 1070 1468 ‘amaveras’

57 1497 162 1557 differo
185 1499 346 1574 paulisper,
369 1498 491 1572 iudices,
515 1499 636 1559 affectus
658 1499 747 1558 huius
766 1499 992 1558 excusationem.
1030 1497 1074 1554 dii

17 1609 43 1650 ss
58 1587 203 1663 deaeque,
228 1590 372 1663 quantum
399 1589 432 1647 in
459 1589 514 1647 hoc
537 1588 734 1649 contumeliae
758 1586 905 1662 estquod
933 1587 1073 1646 sibime-

57 1677 151 1735 retrix
174 1675 293 1735 videtur
316 1677 469 1736 adamata!
515 1679 550 1735 tu
572 1676 629 1736 tibi
652 1678 827 1751 cuiusquam
850 1675 983 1734 adfectus
1007 1692 1072 1733 oen·

57 1766 138 1825 soria
170 1767 319 1842 gravimte
352 1764 542 1843 praestabis?
586 1769 620 1825 tu
649 1765 707 1825 tibi
736 1767 893 1826 aestimare
923 1765 1073 1840 permittis

59 1873 149 1930 quam
171 1856 342 1928 ‘frequenter
366 1856 462 1932 aliqui
485 1856 613 1930 lupanar
634 1852 746 1914 iniret?
791 1857 826 1923 tu
849 1855 898 1913 cui
919 1872 979 1912 non
1001 1853 1072 1911 licet

58 1943 212 2002 excludere
232 1943 409 2019 debilitates,
431 1944 569 2004 fastidire
587 1944 695 2018 sordes,
717 1946 851 2019 exposita
869 1942 1071 2016 ebrietatibus

17 2054 45 2093 ro
60 2032 179 2090 addicta
215 2033 399 2107 petulantiae
435 2036 478 2107 et,
515 2051 649 2109 quaeque
685 2033 856 2107 novissima¹
879 2031 981 2090 vilitas
1019 2033 1074 2104 est,

57 2122 193 2180 noctibus
220 2122 390 2197 populoque
417 2139 566 2196 concessa,
593 2139 689 2180 mores
717 2122 882 2181 iuventutis
913 2116 1071 2180 emendas?

59 2212 198 2286 aequiore
222 2213 320 2268 animo
344 2211 430 2284 feres,
454 2213 488 2268 ut
510 2211 650 2268 meretrix
672 2210 746 2268 velit
769 2209 911 2268 adamari.

126 2294 233 2373 ‘Eras’,
256 2300 364 2375 inquit,
384 2294 426 2356 ‘et
447 2293 580 2374 pauper.'
619 2298 696 2370 volo,
718 2297 839 2371 iudices,
858 2299 900 2356 sic
919 2296 998 2372 apud
1017 2315 1069 2355 vos
1089 2298 1107 2352 8

57 2389 210 2464 paulisper
238 2407 337 2465 agere,
366 2390 522 2462 tamquam
548 2389 581 2445 in
608 2387 664 2446 hoo
690 2405 738 2445 me
766 2386 885 2445 adfectu
912 2387 1072 2461 propinqui

15 2496 42 2537 ss
58 2479 205 2551 amicique
223 2478 376 2554 castigent.
413 2495 473 2535 non
497 2495 551 2554 ego
570 2476 696 2536 alieuius
714 2475 898 2533 matrimonii
917 2477 1072 2549 corruptor

131 2631 144 2677 1
165 2643 286 2695 quoque:
306 2643 370 2681 vero
388 2637 410 2680 ν
459 2628 553 2681 vicina
571 2629 600 2681 et
618 2627 654 2681 ab
673 2627 717 2680 his
737 2627 771 2697 (is
789 2636 824 2695 Β,
843 2643 911 2681 corr.
929 2628 1022 2750 lgna

59 2703 74 2751 2
98 2696 303 2752 fortassis'Mo:
327 2699 408 2752 fortis
426 2708 486 2767 Βνς
509 2697 582 2752 forte
601 2712 632 2763 βγ
722 2703 737 2751 3
761 2713 858 2766 quam:
881 2714 936 2766 quo
975 2707 1002 2749 P

57 2784 206 2822 venenum:
226 2771 428 2824 veneficiums
499 2777 631 2839 lquem:
652 2770 728 2838 quod
746 2779 773 2821 P
842 2768 996 2822 veneficum
1014 2776 1074 2820 ΒΜ

57 2841 255 2896 tinnocentiu
273 2850 307 2909 Β,
328 2859 340 2894 s
358 2853 465 2911 sapas
528 2841 807 2914 lueradt1330m.s'
874 2846 977 2907 'lquaz
1001 2841 1073 2908 q311

58 2915 84 2984 (”
105 2913 168 2966 add.
185 2915 224 2983 a),
245 2911 343 2976 Quev
402 2913 547 2967 comittere
564 2921 604 2982 113
623 2912 810 2967 committeret
829 2921 860 2964 Μ
929 2914 1070 2979 8potest:

57 2986 172 3053 potsse
226 2984 500 3048 eetfrstemisass
554 2988 587 3037 10
606 3000 635 3038 se
654 2992 771 3039 oramr
832 2988 864 3036 15
883 2983 982 3036 inem.
1001 2992 1022 3034 V

57 3056 94 3108 ho
112 3064 146 3119 Β,
167 3072 182 3108 o
200 3067 308 3124 sapae
367 3057 410 3109 est
428 3063 527 3110 crull!
585 3060 618 3108 16
638 3055 815 3123 cuiusquam:
834 3055 1018 3121 tamquams

58 3126 180 3181 sessoria
200 3136 235 3193 1¹3
264 3143 379 3180 oessoua
398 3136 430 3179 Μ
450 3129 529 3196 (corr.
543 3128 585 3196 m)
685 3130 717 3179 17
740 3124 911 3194 praestabis:
939 3124 1070 3192 pensabis

57 3198 163 3264 Lacca
192 3198 348 3266 pensitabis
366 3199 436 3264 Bu.;
464 3196 606 3266 pensitare
624 3197 666 3250 vis
684 3197 762 3251 Desa.
828 3202 861 3249 18
880 3211 976 3264 quam:
996 3196 1072 3262 quod

58 3278 86 3322 Ρ
174 3268 347 3338 aliquisne
433 3268 566 3338 lupanar:
589 3267 724 3337 loquars
815 3272 847 3320 19
867 3265 956 3320 sordis
974 3275 1002 3319 Β

58 3344 93 3394 20
112 3338 221 3393 utilitas
241 3350 283 3407 Μ,
301 3340 346 3394 vel
363 3339 457 3394 vilitas
475 3357 551 3410 supr.
566 3360 597 3392 m
669 3345 702 3392 21
722 3355 777 3407 que
795 3355 846 3393 om.
862 3347 884 3390 V
950 3336 1071 3392 inventis

57 3413 150 3477 ΜΠ
168 3423 277 3480 supro
359 3417 392 3465 22
412 3411 501 3465 amari
520 3420 553 3465 Μ
626 3416 659 3464 23
679 3412 788 3464 amator
807 3411 836 3464 et
857 3425 965 3478 pauper
983 3421 1003 3461 o

59 3487 94 3605 {a
114 3483 261 3604 dalinquam
273 3482 456 3552 -castigent
475 3483 539 3538 t25
558 3491 643 3536 oms
735 3495 798 3534 mee
817 3479 928 3534 defectu
948 3490 1012 3546 alig
1027 3497 1073 3532 me

80 3568 94 3605 e
133 3556 225 3606 eectu
243 3564 268 3607 J
