2408 3840
411 105 645 162 DECLAMATIO
664 107 715 162 VII
731 113 807 162 7-9.
1055 109 1116 172 141

101 279 242 352 suspecta
268 276 326 335 tibi
352 280 398 335 est
424 278 527 336 nostra
554 277 709 352 patientia.
755 277 837 336 vides
861 278 953 351 enim,
980 277 1118 336 hortatur

102 385 159 426 nos
182 368 285 424 contra
308 365 440 425 dolorem
461 366 576 441 primae
597 367 689 425 robur
711 367 818 425 aetatis
837 366 966 425 solidum
983 367 1116 442 plenum·

102 474 161 530 que
181 473 294 530 corpus.
332 473 423 531 quam
445 455 552 529 facilis,
575 473 665 531 quam
688 455 824 531 expedite
847 473 894 514 res
917 458 962 514 est
984 458 1117 533 torqueri

99 542 268 602 miserum?
304 543 406 602 adfero
429 543 467 602 ad
486 545 689 619 quaestionem
710 546 772 602 iem
794 544 962 620 planctibus
985 545 1117 604 membra

72 633 239 695 retinentia.
286 635 430 708 quantum
466 633 597 707 animae,
634 636 780 709 quantum
815 633 968 711 sanguinis
1005 633 1117 692 orbitas

101 722 208 781 traxit.
253 725 365 796 quanto
386 721 572 781 inbecilliora
601 725 671 780 suut
693 722 766 781 haec
789 722 945 780 cotidianis
972 722 1117 781 lamenta-

100 810 239 870 tionibus
257 811 429 870 everberata
447 809 574 869 vitalia?
611 812 772 888 quicquam
792 831 861 889 ergo
884 811 995 889 fingere
1017 814 1117 887 potest

100 901 152 958 hio
174 899 282 975 pallor,
304 899 378 958 haec
395 902 513 974 macies,
535 900 608 959 haec
625 901 687 958 iam
709 902 789 960 torto
810 902 916 959 similis
940 898 1116 960 infirmitas?

102 988 189 1046 adice
202 983 289 1066 (eo),
303 988 381 1064 quod
395 988 472 1047 nihil
483 990 582 1048 minus
595 990 628 1047 in
642 992 814 1065 quaestione
833 990 884 1048 diu
902 991 998 1065 possis
1012 989 1117 1063 dicere,

61 1079 133 1142 rosi
152 1078 308 1137 mentiaris
332 1097 422 1153 quam
440 1078 520 1155 quod
542 1079 636 1137 oculis
659 1079 744 1153 scias,
767 1082 797 1137 et
819 1078 1026 1138 brevissimum
1048 1097 1116 1137 con-

103 1166 241 1226 fessionis
264 1170 308 1226 est
331 1186 422 1245 genus
445 1167 613 1231 destituisse
636 1168 716 1244 quod
738 1167 855 1227 rideris.
892 1168 1001 1243 felices,
1024 1166 1152 1242 diveat

104 1273 180 1331 qnos
202 1257 298 1314 tortor
320 1258 499 1335 interrogat,
528 1258 581 1332 qui
602 1275 662 1315 non
689 1257 800 1316 habent
826 1259 858 1315 in
886 1275 941 1316 sua
969 1259 1117 1333 potestate

103 1344 265 1404 credentes.
308 1346 570 1421 impatientissima
591 1364 638 1404 res
662 1349 707 1404 est
728 1364 823 1422 posse,
846 1365 914 1404 eum
935 1346 1018 1419 velis,
1042 1346 1117 1404 desi·
1152 1385 1155 1391 ‚

103 1453 176 1492 nere
198 1435 338 1509 torqueri.

63 1546 89 1586 n
174 1517 265 1591 ‘Quin
286 1519 408 1599 potius’,
430 1525 539 1599 inquit,
562 1517 716 1599 ‘probast'
752 1523 892 1582 fiduciam
913 1523 1042 1582 bominis
1066 1524 1117 1599 qui

104 1613 192 1685 sciat,
214 1612 269 1670 hoo
290 1631 338 1672 me
360 1613 469 1695 vidisse
492 1613 596 1680 solum.
643 1614 705 1672 sine
729 1613 828 1686 dubio,
852 1612 947 1686 dives,
969 1614 1065 1671 multa
1086 1615 1117 1670 te

103 1703 246 1776 poterant
268 1704 444 1779 argumenta
468 1703 654 1776 convincere,
682 1705 707 1760 si
731 1702 858 1761 deferret
881 1703 971 1776 alius,
999 1704 1030 1760 et
1052 1720 1117 1760 eras

104 1790 366 1850 manifestissimus
389 1809 470 1865 reus,
498 1793 524 1850 si
546 1791 621 1849 mihi
648 1809 802 1867 percussor
825 1791 1009 1868 quaerendus
1032 1793 1117 1850 esset.

105 1881 174 1955 quis
202 1878 282 1937 enim
308 1879 477 1939 credibilior
503 1881 535 1938 in
563 1880 651 1939 caede
674 1881 815 1956 pauperis
843 1900 933 1957 quam
956 1880 1038 1939 dives
1060 1881 1118 1938 iui-

63 1991 90 2031 ao
104 1965 223 2027 micus?
263 1971 316 2027 eut
338 1968 374 2027 de
397 1987 456 2045 quo
479 1969 596 2029 facilius
620 1973 755 2028 constare
781 1972 882 2045 posset
909 1969 1015 2029 scelere
1039 1969 1118 2045 quod

104 2076 167 2117 non
179 2057 271 2116 habet
283 2051 439 2135 <testem>,
455 2060 514 2116 nisi
528 2058 564 2117 de
578 2059 641 2117 sola
654 2057 790 2118 ultione?
821 2078 881 2118 non
894 2059 1009 2117 invenit
1022 2059 1118 2116 multa

104 2145 207 2220 verba,
229 2145 347 2205 vidisse.
392 2166 446 2205 nec
468 2146 542 2205 mihi
564 2147 652 2206 debet
673 2149 769 2224 perire
791 2148 929 2224 probatio
951 2148 1024 2220 ista,
1047 2147 1118 2223 quia

104 2237 227 2310 poteras
255 2237 286 2294 et
312 2237 453 2294 accusari
498 2236 591 2314 exigit
612 2237 816 2313 probationes,
843 2256 910 2295 cum
936 2236 1051 2295 facinus
1077 2237 1118 2294 sic

105 2324 301 2398 disposuerit,
331 2344 369 2383 ne
394 2326 491 2400 possit
519 2324 647 2401 probari.
693 2345 782 2402 quem
813 2325 887 2383 mihi
915 2343 974 2383 nox
1003 2327 1119 2398 testem,

68 2434 92 2475 re
105 2430 183 2488 quos
200 2416 353 2488 praestare
370 2414 471 2488 potuit
488 2415 589 2473 oculos
606 2414 695 2487 nuda,
716 2433 832 2490 semper
848 2415 1024 2473 incomitata
1044 2433 1118 2489 pau-

106 2499 230 2576 pertas?
274 2501 332 2560 tibi
360 2521 460 2562 servus
488 2522 507 2561 a
535 2505 714 2561 conscientia
744 2504 861 2562 sceleris
891 2501 1119 2561 summovendae

108 2591 176 2649 fuit
221 2593 251 2649 et
276 2591 336 2649 ista
361 2593 478 2650 ratione
502 2592 568 2667 quis
593 2593 750 2650 interesset
773 2611 860 2667 quem
886 2594 1006 2667 putares
1032 2611 1118 2667 posse

108 2677 262 2755 torqueri?
299 2682 329 2738 et
351 2683 448 2739 totum
470 2682 586 2740 facinus
608 2683 641 2739 in
663 2681 717 2740 has
740 2683 893 2758 angustias
913 2680 1063 2758 redegisti,
1086 2685 1120 2739 ut

180 2813 293 2904 liides
310 2859 339 2902 Β
356 2848 380 2917 (f
395 2866 469 2918 supr.
485 2853 512 2918 o)
593 2850 794 2916 4miseserum
812 2860 841 2903 Β
917 2849 1072 2904 bliventia
1091 2863 1121 2914 a:

106 2920 239 2975 labantia
256 2930 325 2987 ΒΜς
343 2920 463 2975 libentia
485 2931 524 2974 vn
611 2927 626 2975 6
645 2920 805 2975 imbelliora
823 2930 865 2989 M,
885 2921 910 2975 ci
928 2939 1004 2990 supr.
1017 2943 1049 2973 m

106 2997 125 3045 8
147 2992 221 3046 haec
239 2992 339 3048 Klotz:
358 2994 387 3046 et
404 3014 427 3045 ω
487 2995 574 3047 torto:
593 2993 733 3046 tormento
751 3002 780 3058 νς
799 2995 890 3047 tortor
907 3002 934 3045 P
1004 2997 1019 3045 9
1039 2991 1119 3045 adice

108 3080 141 3118 eo
154 3065 268 3132 scripsi,
287 3063 368 3118 adice
386 3073 415 3129 V,
434 3064 545 3119 adicere
561 3064 661 3133 reliqui
715 3070 747 3116 12
767 3065 921 3134 interroget
938 3073 959 3115 r
1010 3069 1042 3116 13
1062 3080 1120 3117 cre-

107 3135 203 3189 dentis
218 3144 260 3199 Bp
312 3134 439 3190 desinere
457 3153 490 3190 ec
508 3134 635 3189 desidere
652 3144 673 3187 V
724 3137 902 3205 repeterem
920 3144 941 3187 V
992 3139 1025 3187 20
1044 3134 1121 3204 quod

108 3222 225 3260 cansam
238 3223 294 3260 non
307 3205 429 3260 habete
483 3213 515 3260 21
535 3208 637 3260 testem
650 3205 714 3261 add.
729 3208 807 3262 Deae.
817 3225 848 3276 p.
858 3211 896 3261 89
951 3212 983 3260 22
1003 3205 1119 3259 vidism:

107 3277 213 3331 vidisse
230 3276 274 3330 ibi
290 3280 334 3331 est
346 3277 535 3332 nominativus
551 3293 631 3330 casus
650 3279 682 3331 in
699 3295 784 3348 oearp.
799 3300 831 3330 m
883 3277 1014 3347 probatio
1028 3277 1121 3345 perire

108 3349 165 3402 ista
184 3358 226 3415 ις
244 3349 374 3418 probatio
392 3350 448 3404 ista
465 3349 591 3419 perires
645 3355 678 3402 23
697 3349 835 3403 accusari:
854 3349 865 3402 i
883 3350 982 3403 berae.
998 3351 1042 3416 (ex
1054 3350 1080 3417 e)
1095 3357 1122 3400 Β

110 3426 145 3473 24
167 3420 329 3489 deposuerit
346 3430 388 3487 Ι,
412 3420 456 3475 vel
478 3420 549 3489 disp.
569 3438 643 3490 supr.
657 3442 689 3472 m
779 3426 812 3474 25
836 3422 865 3474 et
887 3420 1053 3474 incomitata
1071 3429 1120 3486 μς

109 3490 330 3559 incomitataque
349 3501 381 3544 n
