2408 3840
403 124 637 181 naculunmo
656 125 682 178 11
695 82 766 179 447
954 86 960 96 ’
1047 125 1089 189 25

78 296 218 356 continuo
243 296 380 355 mutauit.
418 298 448 355 et
469 315 506 354 ne
530 295 596 370 quis
619 294 744 354 miretur
761 295 838 352 hanc
860 293 1090 368 festinationem,

80 386 181 444 statim
204 383 395 444 subsecutum
420 386 473 460 est,
496 387 530 443 ut
552 385 670 460 periret.
708 403 747 442 an
770 384 948 459 interfuerit,
969 383 1089 458 iudices,

79 476 192 533 iuvenis
219 473 320 549 huius,
348 478 383 532 ut
405 476 519 533 viveret
544 475 633 550 pater
656 475 707 548 qui
734 473 794 531 iam
822 473 881 531 alio
909 473 1091 532 moriebatur

77 562 192 637 herede,
215 581 268 622 Vos
292 563 502 622 aestimabitis:
525 581 586 621 non
608 561 754 635 interfuit,
776 563 811 620 ut
835 561 1023 621 occideretur.

50 672 63 713 a
142 652 281 726 Facinus,
303 651 425 727 iudices,
449 651 527 727 quod
549 651 603 709 illa
623 653 709 710 nocte
732 652 763 708 in
782 650 918 710 cubiculo
936 670 1089 725 novercae,
1108 650 1127 704 6

75 740 157 817 quod
180 740 213 798 in
235 741 345 801 lectulo
367 741 480 800 factum
503 742 556 817 est,
579 740 683 799 domus
706 742 772 799 tota
790 741 890 799 sensit.
927 759 1013 798 nemo
1032 759 1092 799 non

75 830 134 889 sibi
156 829 240 888 visus
264 833 308 889 est
329 831 414 888 iuxta
436 831 536 889 fuisse.
576 829 699 888 excitari
721 830 786 888 sola
808 847 934 888 noverca
957 848 1017 887 non
1039 848 1091 905 po-

74 920 139 978 tuit
162 918 217 976 illo
240 919 314 993 loco,
337 919 414 977 unde
436 920 559 978 venerat
580 919 689 995 fragor.
727 920 876 978 concurrit
898 918 1091 993 familiaque

75 1008 224 1067 sollicitos
248 1010 336 1084 atque
361 1007 540 1085 trepidantis
564 1007 690 1066 ducebat
713 1008 854 1083 strepitus
879 1027 966 1083 quem
989 1024 1092 1082 seque-

36 1097 197 1158 1obantur.
229 1099 409 1156 invenerunt
426 1115 525 1156 senem
540 1097 676 1170 occisum,
693 1115 851 1156 novercam
868 1097 952 1154 iuxta
967 1096 1092 1155 cadaver

76 1188 121 1245 sio
138 1187 293 1261 iacentem,
315 1205 352 1244 ne
372 1187 475 1246 statim
493 1189 614 1263 possent
631 1187 824 1262 interrogare,
843 1187 909 1260 quis
928 1184 1091 1245 occidisset.

75 1275 251 1334 nuntiatum
278 1277 324 1334 est
351 1275 456 1334 deinde
483 1275 599 1334 facinus
623 1278 653 1334 et
680 1293 774 1334 caeco.
820 1276 958 1334 inventus
982 1277 1027 1333 est
1052 1304 1089 1314 -—

77 1363 160 1439 quod
187 1363 373 1423 innocentiae
401 1363 510 1423 sufficit
533 1396 577 1406 -
599 1383 660 1423 non
683 1383 701 1423 a
729 1364 837 1424 scelere
864 1363 980 1423 rediens
1009 1366 1091 1423 stans

76 1455 108 1511 in
137 1453 240 1511 limine
267 1453 395 1512 cubiculi
423 1454 482 1528 sui,
510 1453 610 1512 animo
633 1472 692 1530 quo
720 1453 924 1512 discurrebant
949 1453 1092 1511 videntes.

36 1561 62 1604 u
76 1544 111 1600 ut
131 1541 238 1600 deinde
256 1542 368 1600 ferrum
385 1543 500 1602 iuvenis
518 1542 727 1618 inquireretur,
750 1543 849 1618 exegit
867 1541 970 1600 eadem
988 1541 1092 1616 utique

77 1649 155 1706 quae
188 1631 394 1707 postulaverat
424 1631 460 1690 de
492 1651 613 1691 veneno.
659 1631 738 1707 quod
770 1631 802 1688 in
834 1631 943 1689 lectulo
974 1630 1092 1708 gladius

77 1721 252 1778 cruentatus
269 1722 409 1779 inventus
428 1722 481 1797 est,
505 1740 564 1779 non
586 1720 734 1796 deprecor,
757 1719 878 1793 iudicet,
898 1720 970 1796 quin
989 1721 1092 1778 contra

78 1809 255 1869 caecitatem
278 1829 337 1868 non
354 1811 453 1868 minus
473 1811 682 1888 argumentum
705 1809 817 1886 putetis
837 1827 927 1884 quam
945 1809 1025 1885 quod
1048 1810 1092 1866 in-

77 1900 176 1957 veniri
207 1897 307 1973 potuit
335 1918 482 1957 venenum
511 1900 544 1956 in
572 1898 726 1974 parricidii
755 1898 930 1973 suspicione.
976 1897 1093 1975 gladius

35 2007 64 2048 ao
78 1988 252 2046 cruentatus
275 1989 437 2047 nouissima
459 1987 596 2063 probatio
621 1987 709 2046 debet
732 2006 804 2061 esse,
826 2007 885 2046 non
909 1987 981 2046 sola.

146 2075 296 2153 Ignoscite
319 2077 480 2151 malorum,
508 2077 709 2152 periculorum
731 2078 841 2152 metus,
868 2077 1012 2153 ignoscite
1040 2076 1093 2133 hu·

77 2183 168 2224 mana
197 2164 376 2224 discrimina.
423 2164 623 2224 defensionem
654 2167 770 2225 iuvenis
802 2166 932 2224 lacrimis
964 2166 1094 2241 primum

77 2255 254 2332 gemituque
277 2256 492 2330 prosequimur.
536 2254 667 2330 perdidit
689 2254 794 2312 infelix
815 2256 940 2329 patrem,
963 2252 1095 2329 perdidit

78 2345 109 2401 et
127 2344 255 2402 caecitas
278 2343 366 2401 illum
385 2361 484 2402 senem
507 2345 591 2402 cuius
614 2345 724 2418 oscula,
744 2343 829 2402 ouius
848 2343 1017 2418 amplexum
1039 2343 1094 2398 im-

35 2432 211 2509 reponebat
239 2432 413 2492 Vulneribus
442 2433 606 2508 oculorum,
639 2434 687 2492 cui
713 2431 887 2509 praestabat
915 2449 1031 2506 caecus,
1059 2432 1095 2488 ut

77 2521 202 2580 Viveret.
248 2521 356 2581 misera
379 2520 559 2599 ignorantia,
582 2523 693 2580 misera
716 2521 863 2596 debilitas,
888 2519 967 2595 quod
989 2523 1019 2578 te
1042 2538 1095 2578 no·

77 2627 167 2669 verca
189 2628 249 2669 non
272 2611 315 2669 sio
338 2611 439 2687 potius
463 2611 596 2686 decipere
615 2611 731 2686 maluit,
755 2612 790 2668 ut
806 2610 921 2669 biberes
940 2628 1094 2669 venenum.

146 2698 275 2757 Facinus
294 2699 486 2776 autiudicat,
509 2703 762 2776 comparationem
779 2699 853 2774 fieri,
875 2699 936 2757 utri
955 2697 1093 2756 credibile
1114 2697 1128 2750 V

77 2787 119 2845 sit
141 2787 343 2863 parricidium.
380 2788 460 2847 idem
481 2807 534 2848 vos
557 2791 671 2866 putatis
695 2789 810 2848 efficere
833 2789 966 2847 noctium
987 2787 1096 2845 merita

153 2922 387 3012 lfesttationem
406 2967 427 3010 V
476 2964 572 3011 4vos:
591 2976 608 3011 v
626 2959 811 3029 iurae.(erat
828 2959 899 3027 n)1’
951 2957 1029 3010 bin:
1049 2956 1060 3009 i
1078 2964 1100 3007 V

78 3028 185 3082 tsesit
207 3037 229 3080 V
296 3029 447 3098 8frangor
464 3039 490 3082 J
548 3029 670 3083 cucunit
688 3042 709 3081 r
778 3028 981 3098 atrepidantis
1002 3049 1032 3080 a:
1052 3043 1094 3080 -es

77 3112 133 3165 syo
199 3104 232 3152 10
251 3100 385 3154 occisum:
406 3101 530 3154 ociosum
553 3110 574 3153 V
639 3107 669 3154 11
691 3100 846 3154 iaccentem
864 3109 892 3153 Β
960 3105 992 3151 12
1012 3114 1095 3164 caecq

76 3233 106 3277 Β
120 3294 127 3306 ·
142 3189 258 3277 inventd
271 3233 299 3277 Β
354 3230 386 3277 16
406 3225 493 3293 quod:
513 3241 568 3293 quo
582 3234 610 3278 Β
664 3230 696 3278 17
716 3225 823 3278 iudices
842 3242 876 3279 ea
893 3223 1064 3304 videlicetJ¹

77 3312 162 3365 qum:
183 3295 232 3362 qui
248 3304 300 3349 Βν
346 3301 379 3349 21
399 3295 599 3366 periculorum:
618 3296 834 3366 praeteritorum
848 3297 886 3350 H.
897 3312 927 3364 p.
939 3298 975 3348 55
981 3317 988 3360 3
1007 3310 1094 3347 ma1o-

76 3383 142 3420 rum
160 3365 349 3435 periculorum
370 3367 431 3423 Obr.
501 3373 535 3421 23
554 3368 746 3436 gemitumque
764 3376 792 3420 Β
863 3372 897 3419 24
916 3365 1038 3420 caecitas
1053 3375 1094 3418 M:

77 3437 249 3492 caecitatem
267 3439 368 3507 reliqui
439 3444 473 3492 28
493 3438 689 3508 cdcperatione
708 3441 735 3510 (o
755 3439 806 3494 olel.
825 3439 1032 3510 rubricatorts

76 3508 138 3563 utri
157 3509 293 3564 credibile
312 3511 389 3565 Desa
402 3527 432 3580 p.
448 3514 497 3567 95:
518 3513 550 3566 ut
567 3510 739 3571 incredibile
758 3537 783 3569 ω
