2408 3840
343 152 575 210 cucumula
594 154 646 208 XII
660 159 772 210 19-21.
1003 155 1068 220 237

49 327 171 401 accipe,
199 325 229 383 et
255 323 310 383 illa
339 323 465 400 pecunia
494 324 678 384 frumentum
707 325 779 383 licet
806 325 912 384 vicinis
943 324 1068 384 adferas.

50 414 77 475 ai
103 413 194 473 nobis
220 413 297 472 nihil
324 412 360 472 de
387 416 554 473 commeatu
581 415 682 473 nostro
710 413 846 489 parthia,
875 431 928 473 nos
953 416 1069 474 vicinae

52 504 174 564 civitati
192 502 361 562 vendemus
399 501 488 562 liceat
508 504 626 578 servire,
649 502 701 561 ubi
719 503 901 561 frumentum
921 506 973 562 est.
1010 523 1070 563 non

56 593 163 671 exigua
186 610 233 650 res
252 594 306 666 eat,
327 589 383 668 plo
405 593 478 665 vita,
501 611 555 668 pro
578 591 740 668 sepultura,
763 611 817 667 pro
840 593 1011 651 innocentia
1034 593 1069 650 li·

33 700 162 743 scamur.
211 699 270 740 nou
290 682 396 758 potest
414 681 471 740 'hic
494 683 675 740 commeatus
702 683 766 740 tam
790 699 856 739 carc
879 683 951 755 emi,
979 699 1070 756 quam

128 769 215 830 ctari.

57 788 195 918 expe‘Sed
216 859 276 918 nisi
294 851 512 932 uendidissem',
535 860 642 935 inquit,
664 853 755 917 ‘fame
773 858 925 918 laboranti
943 859 1070 933 civitati,

54 948 158 1022 timui,
184 967 223 1006 ne
250 941 389 1024 raperet'
436 948 467 1006 et
493 949 537 1005 ita
564 947 669 1023 utique
699 966 842 1024 occupare
870 947 1005 1024 voluisti,
1035 951 1071 1006 ut

10 1036 14 1045 '
56 1037 142 1097 nobis
159 1035 302 1096 iniuriam
320 1039 355 1095 tu
375 1037 565 1113 potissimum
587 1037 707 1096 faceres.
744 1037 873 1096 multum
890 1037 1070 1096 mehercules

10 1140 108 1189 mos
132 1126 217 1185 fallit
239 1126 354 1202 opinio,
376 1125 501 1199 iudices,
529 1128 556 1185 si
577 1125 671 1184 ullam
694 1144 815 1186 causam
837 1128 882 1184 ita
905 1125 1072 1185 evidentem

10 1218 12 1229 '
57 1215 166 1274 deferri
188 1233 275 1291 posse
296 1216 327 1273 in
350 1215 449 1274 forum
470 1215 585 1290 putatis
605 1217 652 1272 cui
670 1215 762 1289 nulla,
784 1235 822 1275 ne
840 1215 988 1274 mendacii
1007 1218 1071 1292 qui·

58 1304 137 1379 dem,
162 1304 332 1363 velamenta
359 1305 542 1382 contingant.
589 1304 727 1379 opinione
751 1323 805 1364 sua
827 1304 1005 1379 defenditur,
1032 1307 1071 1380 et,

59 1412 134 1469 quae
156 1411 205 1452 res
227 1393 347 1452 minime
371 1392 492 1471 coargui
513 1395 626 1469 potest,
654 1394 750 1452 utitur
773 1413 803 1453 se
826 1395 912 1453 teste.
958 1414 995 1453 ne
1017 1413 1071 1454 nos

58 1481 231 1558 periremus,
254 1500 313 1541 non
334 1482 472 1558 timuisti,
495 1501 532 1540 ne
554 1483 675 1558 repetiti
698 1485 879 1542 commeatus
901 1485 970 1559 post
993 1483 1072 1543 diem

10 1562 179 1667 innocuae
203 1573 307 1630 mortis
334 1572 564 1646 applicarentur,
592 1590 651 1629 non
678 1572 815 1632 timuisti.
861 1572 970 1632 nostris
994 1575 1072 1632 certe

10 1670 28 1799 ἱ
59 1661 146 1720 malis
165 1678 336 1736 quanquam
359 1660 434 1718 nihil
456 1661 575 1735 poterat
598 1659 730 1720 accidere
748 1638 948 1765 mopinudum,
971 1633 1122 1747 tamen-f

59 1750 136 1809 inter
157 1751 255 1808 metus
278 1750 502 1824 tempestatium
524 1751 554 1807 et
578 1749 720 1825 ancipites
743 1752 850 1809 incerti
868 1753 959 1810 maris
978 1769 1072 1826 casus,

61 1838 209 1912 confiteor,
236 1857 273 1897 ue
295 1838 477 1897 frumentum
500 1838 584 1898 salva
606 1838 698 1898 classe
721 1840 923 1916 perderemus,
951 1859 1011 1899 non
1033 1841 1073 1899 ti-

61 1929 196 1987 mnimus.
242 1945 302 1986 non
328 1927 407 2001 dico,
435 1930 469 1985 ut
496 1928 627 1987 maxima
649 1930 695 1987 vis
722 1932 830 2004 parata
854 1929 906 2004 sit,
934 1931 969 1987 ut
990 1949 1096 1988 more¹

61 2014 188 2077 11111111
216 2015 367 2075 latrocinii
393 2016 483 2075 turba
511 2019 667 2092 raptorum
693 2017 765 2076 litus
791 2021 921 2095 premat:
954 2018 1001 2078 vel
1028 2039 1073 2077 re-

35 2160 38 2165 .
60 2123 160 2184 pugna
186 2106 235 2164 vel
253 2106 323 2183 fuge
345 2105 393 2164 vel
415 2123 496 2184 roga.
533 2107 721 2165 incensurum
743 2126 834 2166 naues
854 2108 1073 2183 depressurum·

62 2214 115 2271 qne
133 2194 276 2254 minitere
294 2195 394 2272 potius
413 2214 503 2270 quam
521 2197 619 2254 totum
639 2194 822 2254 frumentum
840 2198 944 2272 utique
962 2196 1072 2273 populo

63 2285 170 2359 pareat.
216 2286 329 2359 partire
352 2284 400 2343 uel
422 2285 529 2362 gratis,
557 2283 628 2342 dum
649 2284 735 2344 nobis
761 2285 875 2360 aliquid
899 2305 957 2361 quo
981 2287 1095 2361 respi·‘

64 2390 173 2447 amus,
201 2372 327 2432 adferas.
372 2373 448 2432 illud
472 2392 530 2448 quo
553 2375 631 2432 certe
659 2374 735 2431 nihil
763 2375 896 2450 asperius
919 2375 1074 2449 accideret,

63 2461 127 2539 rapi
150 2463 261 2538 patere.
297 2462 390 2521 faciat
412 2463 533 2521 fortuna
552 2461 631 2537 quod
649 2462 785 2537 voluerit,
809 2464 925 2540 legatus
949 2483 967 2522 1
989 2482 1074 2539 prae-

64 2553 148 2627 cepto
170 2569 231 2610 non
253 2551 378 2610 recedat.
423 2551 501 2609 refer
523 2550 607 2611 nobis
630 2552 737 2611 saltem
764 2552 905 2611 iniuriam
932 2555 1074 2628 nostram,
1089 2548 1125 2604 21

63 2640 148 2699 mitte
174 2640 303 2699 nuntios.
349 2641 395 2698 ira
422 2640 532 2699 famem
559 2640 741 2714 differemus,
769 2643 919 2717 rapiemus
942 2642 1074 2702 furentes

133 2825 313 2893 Vnihi10153
333 2825 424 2896 nihil}
441 2837 463 2879 V
543 2829 672 2882 comeatu
689 2837 717 2881 Β
800 2829 956 2899 ‹iligemnr
974 2839 1007 2882 Β

64 2903 94 2953 1⁰
111 2915 173 2953 voa:
194 2907 323 2952 auosBV
361 2897 450 2951 ullum
468 2908 496 2952 Β
536 2904 568 2952 11
587 2897 759 2952 mendacin
799 2900 1074 2968 1411111111-

63 2968 182 3025 timuisti
201 2970 368 3024 11511111
412 2974 444 3022 11
464 2971 663 3053 tempestatum
678 2987 769 3026 omma
779 2977 929 3039 praetera
976 2977 1008 3026 18
1026 2988 1074 3028 ue:

63 3074 136 3131 11Β
200 3081 233 3129 19
252 3075 371 3130 maxime
389 3085 442 3129 BV
500 3081 535 3130 20
552 3058 667 3132 latro⁰riii
685 3086 724 3143 Βς
743 3077 855 3132 latrocii
873 3087 915 3145 Β;
934 3077 1076 3132 latrocinii

65 3146 103 3204 lia
121 3157 159 3215 P;
178 3145 335 3202 latrociniis
354 3147 496 3201 latrocinii
514 3156 534 3201 s
597 3149 753 3218 raptorum:
772 3148 914 3204 latronum
931 3152 1076 3218 raptorum

65 3226 98 3285 P3
116 3218 295 3273 latronums
348 3220 494 3289 repugna}
511 3229 543 3273 Β
594 3225 628 3273 23
647 3222 745 3285 pereat
758 3219 863 3290 populo
878 3230 910 3274 Β
957 3219 1032 3289 quod
1047 3230 1079 3274 Β
1165 3202 1177 3247 l

64 3294 95 3343 24
114 3291 191 3345 certe
210 3306 265 3359 qno
285 3299 317 3343 l!
386 3290 496 3344 accidet
513 3300 535 3342 V
602 3295 636 3343 25
654 3289 742 3345 faciet
760 3304 800 3345 uo
869 3292 980 3346 fortune
998 3301 1025 3344 Ρ

62 3359 206 3431 faciatque
225 3360 338 3414 fortuma
356 3359 509 3430 quidems
582 3367 615 3415 26
634 3362 760 3416 recedat:
781 3362 878 3417 credat
895 3373 923 3417 Β
991 3362 1077 3418 refert

61 3440 93 3486 Ι
144 3431 247 3487 saltem
265 3431 346 3487 nobis
365 3441 387 3484 V
431 3431 552 3487 salutem
570 3442 629 3487 Ml
647 3436 675 3504 (u
694 3434 843 3505 del.m)1
895 3441 928 3488 at
947 3434 989 3488 ita
1006 3445 1028 3487 V

60 3537 237 3594 differremus
256 3548 284 3592 Β
353 3521 473 3594 seientes
492 3549 514 3592 V
