2408 3840
425 134 658 190 DECLAMATIO
677 134 716 188 111
730 141 806 190 e-e.
1073 134 1116 198 45

102 304 229 380 imperio
260 322 294 362 ac
321 323 413 380 prope
441 305 564 363 exitium
587 305 704 378 attulit,
733 305 931 380 apparuitque
953 322 1117 379 numquam

105 394 216 469 populo
244 392 379 452 Romano
407 393 445 451 ad
471 392 704 470 propulsandam
731 394 893 468 perniciem
920 395 1015 471 magis
1043 395 1116 451 viris

107 500 177 558 opus
207 482 308 541 fuisse.
353 483 455 558 itaque
483 501 550 541 eum
574 484 731 559 appareret
754 481 852 540 soluta
879 482 1006 540 militiae
1030 483 1117 541 disci-

104 571 187 646 plina
217 573 248 628 et
275 590 334 630 non
361 572 506 629 minorem
533 571 618 630 nobis
645 590 777 649 pugnam
805 589 871 629 cum
898 571 1030 629 moribus
1054 590 1116 630 esse

78 680 196 736 equam
225 678 293 718 cum
319 660 467 735 hostibus,
498 660 536 718 ad
562 661 696 734 unicum,
727 658 757 717 C.
780 659 871 734 Mari,
901 679 968 718 cum
996 661 1117 718 virtutis

101 752 183 822 tuae,
203 751 269 806 tum
290 750 458 808 sanctitatis
478 749 703 824 severitatisque
720 748 904 823 praesidium
922 749 1117 826 confugimus.

170 838 214 895 Et
242 838 420 897 mehercules
447 837 627 897 festinarunt
653 841 792 913 parentes
816 837 853 895 ad
877 856 986 896 nomen
1009 837 1153 896 liberosb

102 930 241 1001 mittere,
265 929 400 1002 quamvis
424 929 585 1003 asperrimo
613 927 705 1001 bello,
728 927 811 986 velut
834 928 1018 986 occasionem
1042 945 1118 985 com·

102 1017 201 1092 plexi,
234 1017 268 1073 ut
295 1015 348 1074 sub
375 1019 406 1074 te
433 1034 541 1091 ponere
572 1016 739 1074 rudimenta
772 1015 899 1074 militiae
928 1017 1119 1092 contingeret,

68 1122 226 1165 secernere
250 1105 357 1163 cotidie
386 1104 504 1166 divinae
526 1104 647 1164 virtutis
675 1104 855 1180 exemplum,
878 1110 909 1164 te
937 1106 1120 1164 hortatorem

105 1213 233 1269 operum
255 1193 370 1268 habere,
394 1196 424 1252 te
447 1196 561 1252 testem.
602 1196 632 1252 et
655 1212 722 1253 curn
744 1195 820 1255 haec
840 1196 1003 1252 communis
1026 1194 1119 1265 totius

105 1285 253 1341 exercitus
277 1285 353 1341 esset
376 1283 516 1357 felicitas,
540 1282 598 1340 dux
620 1283 747 1357 Marius,
774 1285 874 1342 tamen
899 1315 941 1323 -
964 1302 982 1340 o
1004 1284 1119 1342 facinus

104 1372 277 1448 indignum!
302 1403 342 1412 -
366 1373 434 1448 plus
465 1373 588 1447 reliquis
621 1373 771 1431 consecuti
802 1371 980 1430 videbantur
1012 1371 1119 1447 quibus

105 1460 246 1520 tribunus
269 1462 435 1538 contigerat
457 1463 641 1537 propinquus
664 1464 741 1519 tuus.
783 1462 896 1535 quanta
920 1478 990 1519 cura
1012 1461 1120 1520 robora

68 1569 92 1610 15
106 1550 240 1608 militum
271 1550 391 1626 legeriS,
423 1551 593 1626 imperator,
624 1553 659 1608 ut
690 1550 824 1608 hostibus
854 1568 947 1624 prope
975 1550 1119 1608 humanas

107 1641 187 1698 vires
217 1638 423 1697 excedentibus
452 1657 614 1715 opponeres
642 1657 745 1714 parem
772 1638 927 1712 dilectum,
950 1639 998 1696 vel
1026 1659 1061 1697 ex
1086 1656 1120 1696 eo

106 1728 302 1787 menifestum
331 1730 376 1786 est
403 1727 482 1802 quod
509 1746 577 1786 cum
604 1728 693 1787 scires
716 1746 775 1786 non
799 1747 834 1785 er
861 1746 951 1786 censu
976 1746 1039 1787 esse
1061 1730 1120 1785 vir·

107 1820 215 1890 tutem,
238 1817 400 1890 praeterita
418 1817 611 1875 facultatium
631 1817 879 1894 contemplatione
897 1819 974 1875 vires
994 1818 1120 1875 animos·

108 1925 167 1981 que
191 1908 311 1964 tantum
333 1906 483 1981 spectasti.
529 1905 602 1981 quid
630 1903 774 1982 prodest?
799 1923 835 1964 en
859 1908 972 1981 quanta
999 1905 1122 1964 dilectui

68 2015 95 2054 ro
108 1998 163 2053 tuo
191 1994 226 2053 fit
255 1992 389 2052 invidia?
422 1995 526 2053 diceris
559 1994 715 2054 adversum
744 1994 876 2053 Cimbros
903 2015 1027 2070 puerum
1054 2013 1121 2070 pro·

108 2084 206 2142 basse.
252 2083 303 2141 sed
325 2102 419 2158 neque
443 2086 473 2142 te
500 2083 641 2142 militaris
669 2086 751 2142 aetas
774 2084 882 2142 fefellit
910 2084 992 2144 cuius
1021 2085 1121 2142 certis-

109 2174 188 2232 sima
210 2190 348 2231 mensura
372 2175 416 2230 est
438 2191 524 2247 posse
548 2172 667 2232 fortiter
688 2173 792 2232 facere.

178 2261 282 2335 Neque
309 2261 362 2318 illa
389 2261 481 2320 libido
509 2262 568 2319 fuit
595 2262 701 2320 saltem
728 2261 810 2320 vitiis
840 2263 951 2320 usitata
979 2279 1054 2335 quac
1082 2261 1157 2318 aee

110 2351 253 2409 obscenos
275 2348 399 2408 Veneris
422 2350 548 2425 impetus
572 2351 684 2409 formae
708 2351 845 2426 cupidine
868 2350 1047 2436 incenditur,
1071 2350 1121 2407 sed

187 2483 384 2569 1¹mperion
454 2501 559 2554 exsiciir
581 2512 602 2553 V
670 2470 774 2555 adtulit
792 2511 820 2554 Β
891 2502 1057 2571 aperuitque
1074 2510 1127 2555 BV

113 2578 129 2624 3
151 2575 281 2640 apareret
294 2581 321 2624 Β
392 2578 408 2624 4
426 2572 573 2626 minorem:
592 2573 686 2626 minor
701 2582 775 2639 Μβγς
794 2574 901 2627 minore
916 2583 957 2639 113
976 2573 1067 2625 minor
1077 2574 1124 2625 'est

111 2653 137 2697 1
204 2660 300 2712 pugna
313 2652 394 2708 Meoy
465 2659 525 2697 esse
548 2653 576 2697 V:
597 2647 670 2698 esset
688 2653 788 2710 11th
807 2662 857 2699 occ
873 2657 893 2697 o
963 2643 1086 2698 bilem.
1107 2653 1128 2695 V

113 2721 129 2768 6
155 2714 264 2768 scitatis
278 2724 306 2767 Β
375 2715 599 2783 severitatisque:
623 2715 807 2783 veritatisque
826 2725 863 2782 P;
886 2716 1014 2770 veritatis
1033 2724 1053 2767 s

113 2785 297 2903 deerculis
315 2830 353 2889 ⁸3
372 2837 417 2874 me
435 2821 557 2875 herculis
580 2832 602 2874 V
686 2826 719 2875 10
739 2810 862 2888 cerneret
885 2832 906 2875 V
987 2829 1019 2874 11
1039 2809 1127 2874 hm

114 2952 148 2999 12
168 2908 263 2999 salitas
282 2955 310 2998 B
363 2952 395 3001 13
414 2946 530 3015 reliquis
548 2967 576 3009 y:
595 2945 698 3014 reliqui
717 2969 739 2998 ω
758 2949 795 3014 (B
812 2964 845 3001 ecc
863 2946 994 3015 relinqui)
1049 2947 1124 2999 vide-

111 3018 185 3070 bant
198 3025 219 3068 V
270 3024 303 3070 14
317 3017 436 3071 tribunis
446 3027 492 3072 Bc
536 3018 694 3085 contigerat
707 3035 740 3073 ec
749 3018 886 3088 -tingerat
895 3028 933 3084 133
948 3017 1125 3087 contingerat

112 3098 146 3142 M
209 3093 242 3140 15
261 3088 379 3142 militem
399 3099 427 3142 Β
492 3089 635 3158 inperator
651 3098 680 3143 B
740 3105 865 3159 propone
884 3098 922 3156 M,
940 3106 1009 3143 corr.
1023 3110 1054 3141 m

114 3165 148 3214 16
168 3159 309 3212 delectum
328 3169 361 3213 M
428 3165 461 3213 18
479 3160 633 3229 praeterita
651 3159 818 3214 facultatum
838 3160 1073 3229 contemplatione
1092 3177 1125 3213 ecc

112 3230 298 3300 praeteritum
317 3231 496 3285 facultatium
511 3230 775 3300 contemplationem
788 3241 816 3284 Β
868 3231 1037 3284 facultatum
1055 3243 1092 3293 γα

109 3308 176 3372 post
189 3301 367 3355 facultatium
382 3303 445 3356 odd.
461 3303 592 3370 estquod
607 3313 639 3368 Ρ,
655 3303 704 3357 del.
719 3320 792 3358 mac.
809 3307 825 3356 3
881 3307 914 3355 19
934 3302 1088 3383 οξρθοῒαεῐί
1103 3324 1124 3353 ω

114 3376 159 3442 (ec
177 3374 332 3442 expectatis
352 3383 389 3441 M,
407 3374 451 3426 vel
470 3374 601 3442 expetisti
618 3391 692 3442 supr.
708 3377 749 3443 m)
804 3390 850 3426 en:
871 3376 900 3427 et
918 3384 945 3425 Ρ
1004 3373 1125 3426 delectui

115 3454 147 3497 Μ
228 3450 261 3498 20
280 3445 439 3498 adversum:
460 3446 590 3499 adversus
610 3455 662 3498 m
737 3443 899 3499 Cinbros‘B
983 3451 1017 3499 21
1035 3447 1080 3498 te:
1095 3460 1129 3496 re

116 3525 196 3583 BVo3
214 3518 243 3569 te
258 3522 322 3585 post
340 3519 418 3569 aetas
438 3517 542 3570 exbibet
558 3526 592 3569 M
