2408 3840
137 164 202 228 124
461 161 637 218 CORPORIS
655 160 823 217 eleemon

134 332 216 408 quod
244 333 343 407 aiunt,
370 351 430 391 uno
458 350 477 390 a
502 334 627 407 parente
653 324 797 390 discessi.'
840 332 899 389 erit
924 330 1040 390 solutus
1068 329 1147 388 omni

136 420 303 480 auxiliandi
328 422 518 495 necessitate,
545 421 665 496 quando
691 423 793 480 vestra
822 420 1073 496 interpretatione
1096 417 1145 478 ali

134 510 233 569 sentia
255 511 421 586 impietatis
445 510 560 569 occasio
584 512 637 569 est.
673 509 729 568 hoc
748 509 878 568 voluisse
900 508 1147 586 legumlatorem

137 603 287 675 putemus,
305 602 340 657 at
356 601 446 658 uetus
464 619 501 658 ex
518 597 666 658 nobismet
678 599 752 674 ipsis
770 599 802 656 in
815 597 903 657 rebus
917 597 1051 656 adversis
1064 615 1146 674 pree-

137 689 247 748 sidium
277 689 397 764 parenti
428 687 529 747 labore
561 691 651 762 atque
686 688 874 763 praestantia
909 686 1040 746 solveret
1074 686 1177 746 luciss

137 797 258 837 usuram
289 776 471 853 ubicunque,
502 778 562 834 nisi
592 777 670 834 forte
700 795 760 835 non
791 793 891 834 sumus
923 777 1064 852 parentes
1092 775 1147 834 nisi

137 867 245 944 pelam.
283 865 356 943 quid
378 867 424 925 est
446 884 516 944 ergo
539 885 599 925 non
622 862 777 924 deserere?
813 860 926 940 ‘opem
947 864 1058 940 ferre,
1081 883 1149 923 non

136 951 281 1017 deesse?
328 956 429 1013 omnia
450 955 524 1013 haec
547 956 626 1014 enim
649 973 684 1012 eo
707 956 857 1030 spectant,
883 955 919 1011 ut
941 953 1055 1012 auxilio
1078 952 1150 1011 libc-

136 1065 238 1103 rorum
260 1045 321 1103 tuti
344 1046 404 1103 sint
425 1046 571 1118 parentes.
617 1043 697 1119 quod
720 1061 787 1102 cum
808 1044 854 1101 ita
876 1043 930 1117 sit,
954 1045 1020 1101 tam
1043 1042 1083 1101 ad
1103 1059 1151 1101 me

138 1133 186 1192 lex
206 1135 266 1192 iste
287 1133 434 1208 pertinuit
457 1151 547 1208 quam
570 1131 607 1190 ad
631 1135 765 1190 matrem.
1161 1148 1184 1190 u

204 1221 272 1281 Duo
304 1241 396 1280 unum
427 1221 618 1280 vocabamus:
654 1221 808 1280 videamus
840 1238 899 1297 quo
929 1221 974 1278 ire
1006 1218 1149 1278 debuerit

137 1314 274 1386 poteram
288 1311 408 1386 quidem
425 1311 544 1369 fortiter
557 1309 668 1368 dicere:
691 1305 788 1386 ‘pater
801 1311 831 1367 ei
847 1304 941 1368 iussi'
973 1309 1031 1368 hoc
1044 1327 1152 1368 nomen

139 1402 220 1460 omni
236 1400 303 1477 lege
325 1402 422 1458 maius
441 1402 494 1459 est.
530 1398 666 1458 tribunos
685 1398 864 1473 deducimus,
888 1397 1064 1457 candidatos
1082 1397 1152 1456 feri·

138 1507 212 1548 mus
258 1489 304 1547 ius
327 1488 411 1547 nobis
434 1489 515 1547 vitae
537 1489 676 1563 necisque
699 1504 869 1546 conoessum
891 1488 944 1545 est.
981 1487 1088 1546 sinon
1108 1487 1151 1545 fe·

139 1579 213 1637 cerit
236 1578 315 1652 quod
337 1577 434 1652 iubeo,
456 1596 515 1635 non
538 1576 670 1636 deferam
691 1577 779 1634 illum
801 1577 840 1634 ad
862 1576 1056 1652 sepulturam.
1101 1594 1150 1634 ne
1162 1592 1188 1634 rs

139 1685 220 1725 cesse
233 1666 339 1724 hebuit
353 1684 467 1741 parere.
502 1684 563 1723 non
580 1666 720 1740 desemit,
738 1665 789 1723 sed
808 1664 953 1724 abductus
968 1666 1020 1724 est.
1058 1664 1152 1739 crede,

87 1753 199 1814 1511011
231 1757 403 1829 contemptu
434 1756 480 1812 tui
512 1756 595 1813 venit
626 1755 659 1812 in
691 1773 844 1814 carcerem.
891 1755 952 1813 sint
984 1771 1056 1812 sane
1086 1754 1152 1812 iuro

138 1844 234 1919 paria,
257 1844 416 1918 sedeatque
438 1843 553 1901 medius
575 1845 655 1902 inter
677 1843 752 1902 duos
773 1842 853 1902 filius
875 1842 977 1920 iudex,
1000 1860 1063 1901 non
1085 1860 1153 1902 con·

138 1932 251 2009 perebo
278 1951 432 2009 personas,
460 1932 596 2008 quemvis
624 1932 703 2007 apud
727 1949 828 1990 omnes
854 1933 957 2008 gentes
984 1931 1056 2008 plus
1078 1931 1151 1990 iuris

139 2022 249 2080 hebeat
276 2024 375 2096 pater,
406 2022 446 2080 sit
472 2040 543 2080 sene
569 2023 679 2080 natura
706 2020 882 2094 communis,
913 2038 974 2078 non
1005 2018 1189 2096 inputaboas

140 2110 220 2187 quod
246 2129 353 2169 nomen
381 2109 462 2185 dedi,
490 2110 569 2185 quod
595 2110 756 2182 familiam,
779 2108 859 2185 quod
886 2110 1041 2184 inpensas,
1066 2107 1153 2185 quod,

140 2200 210 2258 dum
232 2200 278 2257 illi
302 2199 436 2275 adquiro,
459 2201 564 2276 ceptus
582 2217 656 2257 sum.
692 2216 752 2256 non
769 2196 974 2275 indulgentiae
995 2196 1153 2257 discn'men

140 2289 297 2363 excutiam,
322 2289 357 2347 de
380 2308 439 2364 qua
462 2289 522 2347 iam
544 2288 598 2346 lite
622 2304 792 2346 concessum
814 2288 868 2346 est.

205 2378 329 2436 Fuerint
353 2377 471 2453 quidem
498 2377 557 2434 iste
579 2377 728 2451 facienda,
755 2376 807 2435 sed
829 2393 884 2453 ego
911 2376 958 2433 ius
980 2393 1084 2434 meum
1108 2392 1153 2433 re·

139 2468 250 2543 primo:
280 2469 360 2526 inter
383 2467 456 2526 duos
478 2467 616 2540 parentes
640 2483 744 2524 coecus
767 2465 900 2524 adfectus
923 2466 976 2523 est.
1018 2462 1188 2524 exorabitas

140 2556 192 2632 qui
215 2556 297 2631 prior
318 2557 477 2632 rogaverit.
514 2556 646 2630 tempore
670 2558 749 2613 certe
771 2554 868 2627 vinco,
891 2555 960 2613 ante
978 2553 1073 2612 miser
1092 2552 1160 2614 esd

141 2645 232 2719 coepi.
278 2647 314 2702 tu
337 2644 432 2702 adhuc
454 2645 572 2721 integra
595 2662 639 2717 ee,
667 2663 721 2721 ego
743 2644 804 2701 iem
833 2642 975 2720 alligatus
998 2658 1075 2700 sum.
1118 2644 1152 2700 tn

141 2752 214 2791 sane
236 2735 269 2790 in
291 2732 387 2807 domo,
416 2752 471 2809 ego
493 2733 554 2790 iam
576 2752 669 2808 paene
692 2732 848 2791 defunctus
871 2732 903 2789 in
925 2749 1053 2790 carcere.
1097 2730 1152 2791 libi

212 2908 226 2956 1
247 2902 363 2956 discessi
382 2902 437 2956 erit
454 2902 562 2956 solutus
580 2901 690 2969 scripsi:
715 2899 875 2954 discesserit
892 2898 1001 2954 solutus
1017 2899 1077 2955 erit
1093 2907 1153 2965 ’νς

141 2974 275 3045 discessi}
300 2976 326 3043 (1
351 2975 401 3029 litt.
415 2976 465 3042 er.)
488 2979 513 3026 et
535 2971 642 3026 solutus
666 2971 720 3024 erit
741 2988 791 3026 oen.
811 2974 895 3040 (supr.
910 2972 952 3040 m)
966 2979 1009 3037 13
1036 2969 1154 3026 dinosci

141 3045 248 3098 solutus
266 3045 321 3098 erit
339 3057 391 3110 syo
464 3046 649 3097 4natos1W
704 3042 888 3111 praesidium:
908 3041 1072 3111 praeditum
1088 3050 1158 3095 llo·

142 3117 364 3186 5praestentie:
383 3115 545 3186 praesentio
567 3123 624 3166 we
707 3113 856 3168 solveres
940 3117 1044 3183 'lengo
1063 3115 1108 3168 est
1125 3120 1156 3165 Ι

142 3194 175 3241 10
194 3204 290 3257 quem:
306 3189 382 3258 quod
396 3198 423 3240 Ρ
476 3191 508 3240 12
528 3185 554 3239 ei
572 3184 642 3238 iussi
656 3185 755 3240 Klotz:
775 3185 835 3238 eius
850 3183 927 3251 si153
945 3199 996 3237 eus
1010 3183 1036 3238 si
1048 3194 1082 3253 νς
1093 3183 1155 3239 cuis

141 3277 201 3312 sum
216 3269 248 3313 Μ
260 3259 314 3329 (vel
327 3259 397 3312 iussi
410 3272 551 3326 sopr.m=;
565 3256 635 3310 iussi
649 3267 686 3320 so
729 3261 761 3310 13
781 3255 932 3310 didicimus
945 3263 999 3308 BV
1040 3260 1076 3309 1'1
1089 3271 1153 3311 oon·

140 3333 250 3400 temptu
267 3331 323 3384 tui:
350 3328 523 3397 contemptui
541 3336 569 3380 Β
638 3343 749 3381 cercere
766 3336 818 3380 BV
887 3331 921 3380 18
939 3326 1035 3396 petris
1054 3335 1088 3380 Ι

141 3401 213 3455 filios
232 3410 282 3454 Mo
342 3406 376 3454 20
395 3401 543 3469 inputatur
560 3408 598 3465 M,
617 3414 684 3453 corr.
698 3421 730 3452 m
793 3396 991 3464 21femiliep
1058 3403 1093 3453 22
1112 3397 1154 3451 in·

141 3473 315 3541 dulgentiae:
334 3471 379 3526 vel
397 3470 603 3540 intelligentiae
620 3487 696 3538 atepr.
710 3492 742 3523 m
795 3474 829 3522 2³
848 3467 928 3523 litem
946 3478 968 3521 7
1016 3474 1054 3523 25
1072 3467 1155 3524 effec-

131 3545 180 3595 cus
197 3553 234 3596 A!
286 3543 416 3600 exorabit
430 3550 507 3608 Nyo:
527 3541 651 3596 exorauit
665 3562 699 3608 a,
716 3540 877 3605 exorabisp
929 3544 965 3594 28
984 3539 1158 3595 desuetus?
