2408 3840
130 156 194 220 150
439 155 569 210 GEMINI
586 154 830 211 LANGVENTES

127 327 225 398 turuS,
247 324 295 383 hic
319 343 406 400 quem
429 325 604 400 permiseras
626 324 749 399 medico,
772 324 798 384 si
820 325 976 385 maluisset
997 324 1137 384 occidere.

127 414 209 472 vides
229 413 300 488 quid
317 414 497 489 profecerint
516 414 603 472 anxia
622 417 692 472 vota
710 414 842 489 pietatis,
864 413 1010 473 sollicitae
1029 432 1142 493 preces.¹

127 503 198 561 dum
224 504 286 561 iam
312 502 415 580 ffigidi
441 502 571 578 pectoris
594 503 722 562 calorem
749 503 944 579 superpositis
966 520 1139 562 revocamus

126 592 273 667 uberibus,
288 591 359 649 dum
377 592 518 669 frigentia
536 592 668 650 membra
687 593 834 651 continuis
853 591 962 652 osculis
981 594 1012 651 et
1030 592 1140 668 spiritu

126 680 260 756 trepidae
282 681 387 739 matris
411 681 586 754 animamur,
610 680 680 738 dum
702 680 834 740 labentes
858 681 938 740 oculi
961 680 1000 745 ad
1022 683 1139 741 nostras
1163 700 1175 741 s

127 770 354 829 exclamationes
378 771 552 844 nostrosque
574 769 716 845 planctus
736 771 874 829 ammissa
903 770 1053 845 paulatim
1075 770 1139 829 luce

126 859 273 933 laxantur,
301 858 371 916 dum
394 859 491 918 multa
513 860 648 932 mentior,
677 859 773 917 multa
795 860 939 933 promitto
963 860 994 917 et
1015 859 1140 918 fratrem

126 947 191 1006 dico
215 950 366 1022 sanatum,
388 948 518 1023 respexit
541 946 579 1006 ad
602 949 709 1021 vitam,
738 948 903 1022 convaluit,
929 948 1035 1007 evasit.
1081 966 1139 1006 non

125 1038 226 1096 tamen
252 1039 331 1095 iacto
359 1037 516 1112 pietatem,
546 1055 605 1095 non
633 1054 739 1114 arrogo
767 1037 841 1095 mihi
868 1055 1029 1112 prosperae
1057 1054 1140 1096 curu-

125 1125 215 1185 tionis
243 1127 389 1184 eventum.
436 1125 509 1201 quid
530 1125 608 1183 hunc
632 1127 795 1200 sanaverit,
818 1125 863 1186 vis
887 1126 961 1185 seire
988 1122 1139 1185 breviter?
1152 1144 1175 1185 ro

126 1214 206 1289 quod
228 1216 328 1290 potuit
350 1216 510 1290 utrumque
532 1232 645 1273 sanare.

89 1303 108 1358 θ
194 1302 308 1362 Pudeat
334 1322 401 1377 vos,
430 1321 447 1363 o
475 1304 541 1361 iura
570 1303 722 1382 legesque,
756 1302 835 1378 quod
864 1303 1025 1363 miserrimi
1054 1321 1138 1362 sexus

125 1391 256 1451 dolorem
277 1393 324 1451 his
348 1392 477 1451 elusistis
502 1394 654 1469 angustiis.
692 1393 738 1450 ita
760 1393 903 1450 maritum
923 1391 1004 1469 quod
1027 1392 1139 1451 occisus

126 1483 171 1539 est
197 1480 290 1556 filius,
317 1481 414 1540 malae
440 1481 628 1540 tractationis
656 1501 730 1540 uxor
759 1479 900 1541 accusat?
944 1480 1140 1557 perdiderunt

124 1569 199 1648 legis
226 1571 313 1628 huius
342 1572 550 1629 auctoritatem
580 1589 655 1645 quae
685 1570 724 1628 ad
753 1570 821 1630 illas
853 1571 973 1630 uxorias
1003 1570 1138 1645 querelas
1151 1587 1174 1629 ιε

123 1659 383 1717 matrimoniorum
410 1660 506 1718 solent
529 1659 641 1718 deferre
669 1658 798 1720 delicias.
845 1677 900 1736 ego
926 1659 1013 1717 illam
1036 1658 1138 1719 datam

123 1749 239 1806 miseris
269 1749 387 1807 tantum
416 1747 560 1807 matribus
590 1750 663 1823 puto
693 1750 880 1824 potestatem.
928 1743 1072 1825 (potest)
1102 1746 1138 1806 ab

123 1837 229 1911 iniquo
256 1837 379 1915 coniuge
410 1838 556 1913 explicare
584 1837 747 1896 divortium
781 1840 811 1896 et
845 1839 950 1896 contra
984 1837 1138 1896 maritales

124 1927 226 1984 tuetur
251 1926 389 1999 iniurias,
417 1928 451 1985 ut
474 1927 550 1985 nolis
578 1927 730 2007 praestare
755 1926 941 2001 patientiam.
988 1925 1051 1986 illis
1075 1944 1138 1986 suc-

124 2017 217 2073 currit
235 2034 308 2091 quas
332 2016 414 2074 nefas
434 2016 478 2074 est
497 2014 586 2088 abire,
606 2015 762 2090 discedere,
786 2034 860 2092 quas
878 2016 910 2072 in
928 2016 1052 2091 pessimi
1070 2033 1137 2074 con·
1151 2034 1175 2074 ao

124 2105 199 2182 iugii
222 2105 328 2163 durum
351 2105 585 2180 perpetuumque
604 2105 790 2180 complexum
807 2106 1009 2162 communium
1032 2105 1138 2182 pigno-

123 2213 190 2251 rum
212 2212 302 2253 nexus
326 2194 452 2267 artavit,
481 2212 556 2268 quae
579 2194 673 2252 malos
697 2195 820 2253 maritos
847 2192 961 2269 pariter
983 2196 1015 2252 et
1037 2195 1138 2269 patres

45 2282 54 2303 ⁶
124 2301 177 2341 nec
200 2283 365 2359 relinquere
388 2300 441 2341 nec
463 2283 540 2340 ferre
563 2281 721 2341 sufficiunt.
768 2282 882 2342 facinus
906 2284 951 2341 est
978 2281 1048 2342 ideo
1071 2300 1138 2341 eva·

125 2371 192 2430 dere
215 2373 369 2445 maritum,
394 2373 465 2446 quia
489 2370 687 2446 damnaretur,
715 2373 742 2430 si
765 2371 800 2430 de
822 2372 876 2430 illo
899 2371 1012 2430 minore
1038 2371 1137 2431 dolore

125 2464 305 2535 quereretur.
350 2463 453 2535 itaque
485 2460 672 2535 impudenter
703 2461 776 2519 facit
805 2460 885 2536 quod
917 2478 971 2537 pro
1004 2460 1173 2519 detractore

124 2553 262 2608 matrona
281 2550 363 2608 cultu
381 2552 547 2627 negatoque
566 2550 719 2623 comitatu,
739 2549 882 2608 fastiditis
903 2548 1050 2623 noctibus,
1073 2549 1137 2625 pul·

124 2642 248 2714 sataque
272 2639 348 2698 facie
370 2637 467 2697 filium
484 2639 651 2713 complorat
673 2636 822 2698 occisum?
858 2638 931 2698 sileo
955 2638 1054 2697 adhuc
1077 2638 1138 2711 illa,

124 2746 178 2803 per
215 2747 290 2803 quae
326 2728 479 2803 parricidii
515 2729 610 2786 crevit
645 2729 824 2786 immanitas.
877 2727 1007 2786 occisum
1043 2726 1139 2785 filium

196 2897 361 2965 rprofeoef
380 2906 400 2948 1·
477 2897 628 2950 omatris:
649 2896 794 2950 isleras.
815 2905 842 2948 Β
922 2894 1093 2950 flamminea
1110 2907 1138 2961 s,

126 2968 229 3021 amissa
243 2978 313 3033 aso·;
333 2968 429 3023 amissi
443 2977 471 3020 Β
533 2972 565 3021 10
584 2967 716 3021 breviter:
736 2969 850 3037 patera
914 2972 946 3020 13
966 2966 1091 3021 elusistis
1110 2978 1138 3019 s:

126 3039 249 3092 elusistis
269 3039 389 3109 (elusisti
403 3049 437 3105 Β,
455 3056 529 3108 supr.
546 3040 573 3107 o)
588 3060 610 3090 ω
665 3043 698 3091 15
717 3037 794 3107 leges
809 3047 862 3090 m
878 3037 917 3108 (in
936 3036 994 3091 alio
1015 3036 1051 3091 hs
1067 3038 1139 3109 legis

125 3111 158 3163 ta
175 3114 316 3181 morpm)
395 3116 427 3164 11
450 3111 545 3178 potest
568 3109 631 3163 odd.
652 3111 728 3164 Dees.
745 3112 843 3178 p.87;
866 3125 955 3164 omo
1029 3114 1064 3163 18
1086 3109 1139 3162 ini-

124 3198 181 3250 qua
199 3191 227 3234 Β
301 3181 424 3252 explicat
442 3182 471 3234 et
491 3181 553 3235 Obr.
627 3185 659 3234 19
678 3181 729 3251 αξ
747 3184 773 3250 (1
792 3181 833 3234 cel
850 3183 869 3233 2
888 3180 938 3234 litt.
953 3197 1000 3247 cr,
1018 3180 1067 3234 aed
1083 3196 1140 3235 no»

125 3259 184 3308 erat
200 3253 259 3320 ubi,
277 3254 350 3322 qaod
364 3253 497 3322 praebeat
514 3254 557 3319 ys)
575 3260 596 3302 V
665 3251 819 3318 succurreri
837 3261 864 3304 Β
935 3255 969 3304 10
989 3250 1080 3306 abire:
1101 3251 1138 3306 ab

124 3324 219 3378 viros
285 3330 318 3377 11
339 3325 432 3377 dirum
449 3335 490 3376 ac
554 3329 588 3377 11
607 3323 695 3377 malos
714 3323 755 3378 bis
773 3324 883 3392 scripsit
900 3331 921 3374 V
989 3321 1139 3377 redolere

124 3396 231 3450 minore
255 3405 296 3463 rr,
320 3402 422 3464 transp.
442 3417 474 3447 m
563 3400 597 3448 25
625 3411 675 3464 pro
704 3394 843 3449 detracto:
871 3394 907 3447 de
954 3396 1078 3449 retracto
1100 3403 1143 3449 VJ

125 3472 158 3520 16
177 3469 306 3520 matrona
324 3484 357 3521 ex
375 3468 500 3521 materno
519 3475 546 3518 Β
624 3465 720 3536 cultu}
738 3475 770 3532 pl
858 3470 891 3519 11
967 3465 1024 3539 ιιῂο
1042 3474 1071 3520 Ι

124 3543 159 3591 18
178 3554 263 3608 quae:
283 3543 337 3613 quc}
357 3548 385 3591 Β
454 3537 543 3591 filium
561 3547 679 3606 scptu
