2408 3840
355 143 660 199 DEOLAMATIONES
679 144 711 197 X.
731 144 776 198 XI.
1005 144 1070 207 409

56 333 118 372 non
148 315 205 372 erit
235 313 337 372 eadem
364 313 412 372 lex
442 315 534 372 errori
568 316 598 371 et
627 315 693 371 arti.
739 313 773 370 P.
796 313 873 371 nihil
902 312 986 371 aliud
1013 308 1072 372 nisi

56 403 184 463 mortem
212 405 299 461 tuam
329 403 495 462 articulari.
541 402 581 460 D.
601 403 693 461 vultis
717 403 804 475 scire,
833 401 959 460 iudices:
987 420 1071 460 accu-

58 492 138 551 sarit
159 511 206 549 me
230 510 264 549 eo
292 494 424 568 tempore
455 511 513 566 quo
541 510 600 550 non
629 493 765 566 poteram
789 490 947 550 damnatus
971 491 1072 550 occidi.

57 582 91 639 Ρ.
111 581 207 658 legem
233 598 318 638 suam
347 581 453 639 civitas
483 581 521 639 ob
552 580 653 639 divitis
683 579 904 656 impatientiam
934 578 1074 639 excedet?

31 670 98 730 sD.
119 668 268 745 explicata
291 671 336 728 est
363 670 437 747 legis
460 669 588 743 invidia,
611 662 684 748 scum
708 669 773 744 quis
803 670 918 744 patitur
942 669 1021 743 quod
1044 671 1075 728 et

59 759 139 818 fecit.
190 758 223 815 P.
247 758 295 816 cui
324 777 456 832 unquam
489 759 571 834 patri
599 756 782 834 prohibitum
812 760 857 817 est
888 776 941 832 pro
971 759 1073 817 liberis

58 845 157 904 mori?
196 846 235 904 D.
255 849 288 906 at
314 849 349 905 tu
375 847 449 905 mihi
471 847 550 906 idem
578 847 765 923 prohibuisti.
806 847 839 903 P.
863 847 962 904 nullus
990 847 1074 905 dolor

58 937 155 994 morte
177 937 273 994 maior
296 939 348 994 est.
390 936 467 994 hano
489 936 587 995 offero.
628 937 667 995 D.
686 954 793 1012 parum
816 935 897 994 dolet
920 937 972 1010 qui
995 936 1074 1010 quod

58 1026 184 1101 patitur,
207 1025 342 1101 ignoscit.
383 1025 553 1084 innocentia
581 1043 655 1101 opus
679 1027 736 1099 est,
766 1027 800 1083 ut
822 1027 963 1084 miserum
990 1025 1074 1083 dolor

19 1136 45 1176 ro
59 1115 162 1173 faciat.
203 1115 236 1171 P.
251 1115 277 1172 si
295 1114 374 1191 leges
393 1114 624 1175 contemnendae
643 1117 721 1187 sunt,
739 1133 805 1172 eam
823 1115 912 1173 simul
931 1113 1073 1173 auferatis

61 1222 138 1278 quae
156 1203 233 1260 male
247 1202 361 1261 meritis
376 1221 502 1279 poenam
522 1206 617 1279 parat.
659 1203 698 1261 D.
714 1204 788 1279 proh
802 1204 910 1279 pudor!
933 1204 959 1263 is
977 1204 1074 1279 legem

60 1293 197 1350 nominat
220 1291 272 1366 qui
293 1291 480 1351 immanitate
507 1293 624 1352 sceleris
652 1293 748 1371 legem
771 1292 933 1350 damnavit.
974 1294 1008 1350 P.
1028 1293 1074 1351 sin

61 1384 161 1440 autem
190 1379 366 1455 servandae,
396 1400 431 1440 ea
460 1385 606 1456 servetur,
637 1386 672 1441 ut
701 1400 808 1441 nocens
838 1383 988 1458 puniatur.
1033 1381 1073 1438 D.

60 1470 145 1529 nulla
175 1489 271 1546 poena
301 1472 346 1529 est
379 1471 437 1528 nisi
468 1472 572 1529 invito.
618 1471 767 1529 infinitam
802 1470 880 1530 datis
915 1471 1074 1530 sceleribus

20 1581 45 1621 rs
61 1558 225 1633 audaciam,
248 1560 275 1618 si
297 1561 414 1617 nocenti
432 1578 545 1634 poenae
568 1561 727 1636 praestatis
751 1559 916 1618 arbitrium.
958 1560 990 1617 P.
1010 1560 1074 1617 nihl

60 1648 181 1706 inimico
204 1648 338 1706 acerbius
365 1648 439 1708 velie
467 1667 558 1723 quam
586 1648 665 1724 quod
691 1650 755 1726 ipse
785 1650 861 1708 ferre
888 1667 947 1707 non
970 1649 1076 1724 possis.

58 1738 99 1796 D.
119 1738 203 1811 atqui
222 1756 285 1814 ego,
308 1737 486 1812 saevissime,
508 1739 634 1797 mortem
658 1742 736 1815 opto.
777 1739 878 1797 liberis
898 1756 997 1798 carere
1015 1756 1074 1797 non

59 1843 190 1902 possum.
231 1827 264 1883 P.
284 1845 376 1903 ogone
398 1828 466 1884 tuos
496 1825 626 1885 abstuli?
667 1829 706 1886 D.
726 1827 812 1903 audi,
842 1829 961 1901 civitas,
988 1829 1020 1885 in
1043 1829 1074 1885 te

60 1916 172 1974 crimen
194 1915 342 1974 transfert.
385 1917 442 1974 scis
461 1916 534 1990 quid
551 1914 634 1993 egit?
656 1917 766 1976 liberos
788 1917 824 1976 ad
843 1919 978 1990 mortem,
1002 1917 1075 1974 civi·

16 2006 157 2066 aetatem
179 2003 217 2061 ad
239 2003 406 2080 perfidiam,
428 2025 475 2063 me
499 2005 537 2063 ad
560 2005 759 2080 proditionem
782 2006 888 2083 coegit.
929 2024 1007 2064 nunc
1029 2024 1075 2061 re-

61 2091 200 2168 spondeo.
241 2093 357 2152 nullum
370 2093 485 2153 facinus
500 2094 653 2170 publicum
672 2113 734 2154 esse
748 2096 854 2170 potest.
893 2113 978 2152 omne
997 2113 1073 2153 com-

60 2200 151 2240 mune
174 2182 377 2258 persuadentis
402 2185 453 2242 est.
495 2184 529 2240 P.
548 2183 693 2258 numquid
720 2183 860 2258 peribunt
883 2180 1075 2242 innocentes?

60 2272 100 2330 D.
120 2270 193 2346 quid
210 2269 348 2345 haeretis,
369 2270 504 2330 iudices?
543 2272 688 2347 numquid
706 2291 787 2331 meos
808 2273 855 2330 lex
872 2273 1006 2347 repperit
1023 2289 1075 2330 no·

61 2358 181 2419 centes?
221 2360 254 2418 P.
273 2360 463 2435 miseremini,
485 2361 606 2437 iudices,
629 2363 796 2436 quicunque
819 2361 928 2420 liberos
950 2361 1075 2434 habetis,

19 2470 47 2510 as
61 2450 244 2508 miseremini
257 2449 418 2509 liberorum
431 2470 571 2510 meorum.
609 2452 648 2510 D.
658 2452 773 2510 facinus
788 2453 842 2524 est,
855 2450 976 2524 iudices,
990 2468 1074 2526 prae-

60 2540 218 2597 teritarum
247 2541 389 2598 mortium
417 2541 562 2598 minorem
592 2558 654 2598 esse
683 2541 913 2598 miserationem.
962 2540 995 2597 P.
1016 2559 1075 2597 non

62 2627 148 2685 video
172 2628 319 2702 quomodo
343 2628 421 2687 obsit
442 2627 512 2687 filiis
536 2628 638 2687 odium
655 2629 758 2705 patris.
804 2629 843 2686 D.
862 2629 1075 2687 multominus

61 2716 147 2775 video
167 2715 239 2790 quid
262 2717 339 2776 obsit
361 2719 435 2776 meis
454 2736 538 2776 amor
555 2718 658 2793 patris.
696 2717 806 2792 adeste,
827 2717 947 2792 iudices,
971 2718 1075 2775 audita

62 2823 132 2864 nece
160 2805 321 2864 liberorum
348 2807 422 2881 quid
453 2805 531 2865 feci?
570 2808 678 2866 merito
709 2805 922 2883 rempublicam
949 2806 1075 2882 prodidi.

25 2914 50 2953 eo
63 2894 178 2952 factum
198 2896 268 2952 esto.
309 2895 371 2953 iam
385 2895 437 2954 diu
456 2897 563 2955 civitas
582 2896 721 2955 defuncta
741 2898 792 2954 est.
831 2896 927 2955 adhuc
946 2896 1076 2955 auctoris

63 2982 167 3041 domus
191 2982 280 3059 plena
303 2987 355 3043 est.
397 2985 429 3042 P.
451 2987 569 3062 resipio.
610 2986 765 3044 inimicum
789 2984 962 3043 obtuleram.
1004 2985 1077 3042 mali

136 3241 391 3296 laliud:aliter1·
438 3242 506 3296 nisi:
522 3258 607 3311 quam
621 3250 667 3294 VB
716 3243 904 3296 iexcedatn
954 3243 1075 3296 8maiue

66 3323 111 3366 VB
181 3314 232 3383 qni
250 3313 337 3383 quod:
357 3314 476 3383 quisque
494 3323 540 3367 m
610 3315 689 3369 tut:
709 3330 744 3367 ne
761 3323 788 3366 ι·
859 3320 891 3366 12
911 3313 1020 3367 sinam
1036 3322 1075 3379 ⁸3

63 3385 214 3439 citantem
236 3394 282 3439 ιιι
356 3390 389 3438 15
408 3385 478 3454 prat
500 3394 530 3454 ις
548 3383 663 3454 parabis
681 3395 710 3437 ιι
784 3391 818 3439 20
837 3391 900 3440 onte
918 3402 992 3439 nunc
1010 3385 1075 3440 odd.

62 3472 171 3526 pauper
185 3466 213 3510 ιι
276 3462 309 3511 22
328 3456 479 3525 prohibent
493 3467 521 3511 ιι
589 3461 623 3510 23
641 3456 760 3510 horretis
779 3467 807 3511 ιι
868 3457 1077 3512 innocentem
1164 3457 1167 3463 ’

64 3534 97 3583 25
115 3527 267 3582 liberorum
287 3545 336 3583 om.
356 3536 434 3582 ιιιιι
510 3533 544 3582 28
563 3527 640 3597 quod
660 3537 708 3582 ιιι
778 3527 880 3583 autito
895 3543 1004 3581 necem
1020 3536 1050 3576 ιι
