2408 3840
409 148 643 204 DECLAMATIO
663 149 714 205 XV
733 155 810 205 6-8.
983 170 984 174 ’
1045 151 1111 215 283

93 319 175 379 diem
202 318 332 397 pervigil
359 319 476 378 amator
503 320 632 396 expecto.
678 337 799 396 possum
826 319 983 396 nauigare,
1016 319 1110 379 colere

93 411 205 482 aaa,
238 406 353 467 sufficio
385 407 525 480 militiae,
556 406 689 467 redditus
720 407 795 467 mihi
827 411 871 467 est
904 408 1021 467 animus
1052 428 1110 483 quo

92 497 197 557 fierem
232 498 372 572 maritus,
409 514 467 572 quc
504 496 648 556 senectuti
688 497 847 572 liberisque
863 493 1108 573 »prospicerem'

94 588 256 662 quantum,
296 585 339 644 dii
379 585 522 661 deaeque,
566 584 728 645 remedium
770 586 942 645 condicione
982 585 1111 646 bibentis

71 673 215 736 evaluit?
259 673 371 734 fecerat
415 678 445 732 te
489 675 591 750 potius
636 676 697 734 ista
741 674 870 748 felicem,
916 676 943 734 si
987 674 1110 734 divitem

92 765 205 841 puella
250 765 296 822 ita
318 764 366 822 vel
392 763 448 823 hoc
475 781 535 822 non
562 763 672 838 solum,
701 762 827 839 iudices,
851 764 1110 823 innocentissimae

92 854 214 929 puellae
245 871 301 928 pro
329 850 498 911 defensione
530 851 678 912 sufficeret
705 853 785 929 quod
813 852 891 911 nihil
920 852 991 912 fecit
1020 871 1112 912 causa

93 939 171 1002 sua?
217 942 382 1000 amatorem
403 940 530 1014 dimisit,
553 941 696 1017 explicuit
717 942 772 1001 illa
795 960 872 1017 quae
895 943 1015 1017 captare
1038 940 1110 1000 dici-

93 1033 153 1105 tur,
182 1032 217 1088 ut
244 1032 368 1105 ametur,
395 1049 471 1105 quaa
498 1029 654 1105 sollicitat,
682 1049 758 1106 quae
781 1031 945 1106 corrumpit
968 1030 1110 1089 adfectus.

57 1120 227 1198 roingrate,
252 1121 364 1194 quanta
386 1118 422 1178 de
444 1121 475 1178 to
502 1120 635 1194 potuerit
661 1119 757 1197 gloria
781 1117 862 1178 frui?
907 1139 967 1178 non
991 1119 1111 1194 quidem

93 1209 212 1268 confers
239 1208 349 1283 pretia,
376 1227 436 1267 non
463 1208 569 1283 stipes,
596 1208 648 1266 sed
670 1208 800 1282 adsidet,
828 1209 971 1284 sequeris,
998 1209 1111 1281 haeres,

92 1299 231 1374 praestas
250 1296 434 1370 comitatum,
453 1296 595 1372 favorem,
613 1296 717 1356 laudas
736 1298 855 1372 ubique,
873 1297 1000 1358 miraris.
1041 1297 1111 1356 hino

94 1405 168 1464 ergo
191 1386 253 1444 iam
278 1385 496 1459 meretricibus,
520 1385 599 1460 quod
625 1386 694 1445 illas
717 1389 808 1446 etiam
832 1405 978 1462 pauperes
1002 1389 1110 1459 ament,

94 1475 179 1552 quod
204 1474 293 1534 facile
319 1476 508 1552 contingant,
536 1474 615 1551 quod
642 1475 793 1534 laboribus
816 1479 974 1535 exorentur
1002 1475 1111 1534 adeun-

55 1584 80 1625 1s
93 1565 184 1638 uum,
207 1558 394 1640 <invidiam>
416 1564 515 1636 facies,
537 1563 586 1622 hio
609 1566 734 1637 amator,
756 1568 791 1623 ut
813 1565 921 1624 divites
945 1567 1054 1639 ament,
1078 1565 1111 1622 in

93 1655 208 1713 crimen
230 1654 391 1711 maximum
410 1654 512 1728 captas
535 1653 697 1713 transferre
718 1651 913 1712 beneficium?
949 1656 984 1713 ut
1001 1654 1110 1728 aliquis

95 1761 198 1801 amare
221 1741 344 1816 desinat,
367 1759 427 1800 non
449 1741 508 1801 nisi
531 1741 568 1800 ab
591 1745 710 1801 amante
733 1744 911 1818 praestetur.

164 1829 242 1900 Quid
270 1829 326 1906 ais,
355 1828 492 1889 iuvenis?
536 1832 581 1889 ita
607 1830 711 1890 bibisti
737 1833 890 1908 potionem
918 1850 994 1906 quae
1020 1828 1145 1890 finem8

94 1918 311 1996 cupiditatibus
334 1919 427 1993 daret,
449 1921 596 1994 premeret
615 1920 758 1995 ardorem,
782 1921 929 1981 desideria
947 1920 1112 1998 restingue·

55 2006 163 2068 soret?
208 2007 271 2082 abi,
297 2008 414 2082 recede,
446 2008 517 2066 dum
544 2008 663 2085 puellae
692 2008 811 2085 publico
842 2011 957 2087 generis
987 2009 1111 2068 humani

94 2098 217 2158 nomine
244 2097 356 2175 gratias
385 2098 500 2174 agimus
528 2097 608 2172 quod
634 2098 690 2157 hoc
717 2097 782 2156 fieri
808 2116 895 2173 posse
923 2097 1110 2156 monstravit.

94 2187 182 2246 furor
202 2187 254 2245 ille
278 2187 339 2262 qui,
362 2187 386 2245 si
411 2186 564 2261 credimus,
590 2187 713 2245 numina
736 2206 854 2263 quoque
877 2186 1012 2245 detracta
1035 2185 1111 2244 side-

94 2275 179 2336 ribus
202 2275 285 2335 misit
306 2278 339 2334 iu
360 2277 465 2350 terras,
489 2274 595 2349 quide
613 2276 704 2335 saeris
722 2275 957 2350 venerandisque
979 2276 1110 2351 pigneri-

95 2364 152 2425 bus
174 2366 307 2424 moustra
331 2365 514 2431 commentus
537 2365 595 2438 est,
623 2365 711 2424 ardor
734 2364 787 2440 qui
813 2363 934 2423 miscuit
955 2364 1111 2423 hominum

55 2454 286 2530 ceterarumque
305 2453 487 2526 concubitus,
509 2453 631 2528 ferrum,
648 2454 737 2530 igme,
758 2454 888 2512 claustra
905 2452 1035 2528 laxabat,
1058 2472 1111 2529 per

96 2543 254 2602 interiecta
285 2543 346 2602 lato
377 2544 473 2601 maria
504 2541 651 2619 fugiebat,
683 2544 816 2617 vetatur,
847 2542 934 2617 perit.
967 2541 1111 2621 accipite

97 2630 178 2707 quod
205 2631 300 2708 magis
331 2630 462 2690 debeatis
495 2632 627 2706 stupere,
658 2631 775 2690 mirari:
806 2630 969 2690 remedium
1001 2629 1110 2689 amoris

96 2720 205 2780 mulier
226 2720 350 2779 invenit.
396 2712 520 2778 desinite
543 2738 621 2779 nunc
643 2721 789 2779 incestum
814 2721 933 2793 timere,
961 2719 1112 2792 mortales,

168 2962 308 3014 sterium
326 2969 353 3013 Ρ
423 2964 544 3029 4quam
561 2961 591 3014 te
608 2969 676 3025 3113
696 2961 802 3028 quante
820 2968 844 3011 V
910 2958 1065 3014 conditioni
1083 2971 1111 3025 l³;

95 3049 155 3088 ·cm
174 3045 195 3085 o·
281 3030 400 3101 opotio
423 3040 456 3085 Μ
542 3029 627 3084 istam
648 3039 677 3084 Β
766 3029 917 3099 ἸριιοΠαο
940 3046 991 3085 orn.
1010 3040 1043 3085 Μ

97 3102 246 3159 8dimisit
268 3104 298 3156 et
319 3101 456 3172 explicuit
474 3111 506 3156 Μ
608 3106 639 3155 11
664 3100 768 3171 pretia:
793 3100 954 3170 praemiss
1047 3107 1113 3171 post

115 3175 191 3230 retia
207 3191 263 3229 ros.
282 3182 304 3226 r
371 3172 510 3227 adsidisse
528 3171 669 3240 quaereris
689 3174 750 3226 erat
767 3182 806 3239 υς
825 3171 968 3227 abscdisse
987 3171 1110 3242 quereris

95 3193 177 3302 ieret
193 3255 224 3311 1⁷3
243 3244 376 3300 accidisse
395 3243 518 3314 quereris
536 3244 617 3298 heres
636 3257 657 3297 o
726 3249 759 3297 12
779 3243 857 3298 favor
875 3245 919 3297 est
936 3253 957 3296 V
1024 3242 1112 3297 lauda

95 3327 148 3373 nv
193 3316 335 3372 miseraris
352 3325 375 3369 r
425 3320 459 3370 14
478 3314 638 3386 contigata
692 3319 725 3368 15
744 3314 883 3370 iuvidiam
899 3315 967 3371 udd-
983 3315 1066 3368 Desa.

93 3388 198 3444 binos
252 3392 285 3440 19
302 3387 525 3457 restringerets'
579 3393 808 3477 dragamosus
866 3392 906 3443 ‘lb
922 3383 1139 3458 pigucr'xbuev

90 3466 126 3510 25
141 3459 223 3525 ignes
232 3465 303 3520 m
377 3463 412 3513 26
430 3459 587 3518 interiecta
608 3476 638 3521 s:
657 3463 801 3520 interrita
820 3486 847 3517 ω
925 3459 1035 3515 lactea
1054 3460 1086 3505 B

75 3525 363 3591 aecipite-invenis
380 3531 396 3585 l.
411 3535 457 3588 28
474 3549 563 3604 orma
652 3544 695 3597 28
715 3538 855 3597 desinite
867 3525 1065 3590 -moxtales
1084 3535 1145 3573 Μ·
1161 3517 1183 3559 ⁸
