2408 3840
116 137 159 201 74
441 182 444 187 .
478 134 766 190 ununuunurcvs

119 342 122 347 <
182 305 287 380 Neque
306 306 360 379 est,
382 303 415 362 P.
436 302 476 378 O.‚
500 304 589 380 quod,
602 304 717 364 excludi
739 304 905 380 praemium
928 304 1041 380 putetis
1061 323 1132 365 oon-

115 393 293 454 traiictione
316 393 419 469 patris.
455 394 568 453 eximus
587 412 640 468 per
657 412 834 471 magnorum
851 412 975 468 operum
992 411 1131 455 reveren·

115 483 190 545 tiam
214 482 249 540 de
272 482 448 542 necessitate
471 481 608 558 parendi,
635 485 666 542 et
688 485 741 543 aut
763 482 884 542 interim
899 481 996 547 :nobis
1018 501 1132 562 magna

116 571 200 631 venit
222 575 325 631 contre
347 573 475 631 nominis
498 571 585 630 huius
608 574 774 647 potentiam
797 571 833 631 de
855 572 1003 631 virtutum
1020 572 1131 632 ,lavore

115 660 252 736 libertas,
281 663 335 720 aut
359 659 501 735 obsequia
522 663 644 736 peraeta
667 660 786 720 demum
809 661 929 735 optione
950 663 1129 738 repetemus.
1152 678 1168 720 s

115 769 176 810 non
199 753 243 810 est
267 750 346 826 quod
368 767 420 810 vos
443 749 608 809 resistentis
630 753 750 810 moveat
772 751 942 810 auctoritas.
978 751 1132 811 neminem

115 841 250 899 invenias
272 841 349 899 mori
366 839 516 898 volentem
539 840 591 914 qui
608 857 669 898 non
691 839 801 898 habeat
818 838 950 914 aliquem
966 841 1130 900 vetantem.

116 929 167 988 ille
191 929 238 987 cui
260 931 379 1005 praesto
402 947 462 986 non
480 930 550 989 sunt
569 927 694 1005 pignera
712 927 855 1002 caritatis,
877 928 1011 987 lacrimis
1026 931 1132 989 tamen

117 1018 302 1077 audientium
320 1020 351 1076 et
368 1015 620 1077 consolationibus
643 1019 676 1076 et
695 1017 919 1094 promptissima
935 1034 1059 1092 ,semper
1082 1036 1130 1079 ex-

116 1108 285 1166 hortatione
313 1107 465 1166 retinetur.
510 1105 683 1181 parentibus
710 1125 780 1166 vero
808 1105 887 1168 circa
912 1105 1022 1167 liberos
1042 1124 1130 1167 *unus
1144 1124 1169 1169 tt

116 1195 250 1255 adfectus
278 1197 335 1269 est,
363 1196 463 1254 favere
490 1195 584 1268 vitae,
613 1196 718 1255 timere
747 1197 882 1255 mortem.
927 1213 988 1254 non
1016 1195 1132 1255 habeut

116 1285 294 1359 patientiam
320 1301 374 1343 neo
395 1285 492 1344 iustae
516 1283 667 1359 orbitatis,
695 1286 726 1343 et
747 1283 826 1343 inter
848 1284 996 1360 supplicia
1020 1287 1131 1346 merito

116 1389 285 1448 poenasque
315 1391 416 1432 omnes
449 1376 551 1432 tamen
584 1372 645 1432 illis
679 1373 863 1446 innoeentes,
895 1390 997 1433 omnes
1027 1373 1132 1433 miseri

116 1479 224 1521 sumus.
271 1480 340 1538 ego,
363 1461 396 1519 P.
416 1460 461 1536 0.,
489 1480 673 1522 communem
699 1462 776 1521 hene
802 1461 1023 1538 impatientiam
1051 1464 1131 1523 senis

117 1549 244 1610 accendo
266 1550 592 1626 pietate‚,reverentia.
638 1550 702 1609 fieri
724 1569 783 1610 uon
805 1552 918 1627 potest,
940 1553 975 1609 ut
997 1568 1028 1609 se
1051 1552 1131 1611 mori
1145 1569 1168 1613 rc

116 1638 221 1698 debere
250 1638 429 1715 persuadeat
457 1641 538 1715 patri
562 1639 654 1713 iilius,
683 1642 806 1717 propter
834 1658 922 1715 quem
951 1657 983 1699 se
1010 1639 1132 1700 videtur

117 1727 255 1788 occidere.
289 1727 430 1787 haetenus
448 1728 538 1805 leges,
555 1728 698 1788 hactenus
715 1729 824 1788 merite
840 1727 995 1789 virtutum.
1028 1730 1131 1789 venia-

116 1826 182 1877 mus
206 1817 244 1875 ad
265 1817 463 1878 necessitates.

81 1905 99 1963 8
184 1906 261 1965 Mori
283 1906 365 1982 volo,
391 1907 448 1981 ita,
475 1909 511 1965 ut
532 1905 620 1966 modo
643 1905 759 1966 reddidi
786 1923 898 1966 causas.
944 1906 988 1965 ita
1010 1916 1131 1967 non'ex

116 1995 172 2054 hac
191 1995 388 2055 destinatione
406 1997 523 2055 sentitis
543 1995 684 2071 quicquid
702 1995 762 2055 dici
780 1996 887 2071 potest,
907 1994 1052 2072 quioquid
1070 1995 1131 2057 dici
1143 2014 1167 2057 st

116 2103 176 2144 non
198 2082 318 2160 potest?
362 2084 480 2159 viderit,
503 2085 575 2161 quid
596 2103 651 2144 nos
673 2085 824 2159 hucusque
847 2084 1015 2160 protulerit.
1060 2084 1131 2144 hinc

116 2174 223 2249 incipit
240 2175 326 2232 ratio.
363 2173 442 2250 quod
460 2175 538 2249 volo,
560 2173 664 2252 fingite
681 2194 774 2233 unum
792 2193 828 2233 ex
849 2173 963 2250 populo
979 2171 1131 2250 turbaque

116 2265 216 2338 petere
239 2263 322 2333 iussu
347 2263 556 2338 praemiorum.
601 2281 661 2322 nou
683 2263 772 2322 debet
794 2263 849 2323 hoc
871 2263 968 2323 veteri
990 2264 1130 2339 quotiens

116 2352 207 2411 habet
229 2370 346 2426 causas,
370 2371 429 2411 non
451 2354 552 2427 potest
574 2352 710 2427 quotiens
733 2371 792 2411 non
814 2351 913 2411 habet.

184 2440 304 2500 Scilicet
326 2443 405 2500 enim
427 2440 589 2501 verendum
612 2443 664 2515 est,
687 2460 725 2499 ne
748 2441 865 2501 adhoc
887 2441 1069 2515 inconsulte,
1092 2460 1129 2500 ne
1142 2460 1166 2501 u

116 2532 225 2589 temere
248 2530 355 2589 levitas
378 2530 509 2588 humana
531 2529 677 2604 prosiliat,
701 2531 731 2589 et
753 2529 893 2589 credibile
917 2532 970 2605 est,
993 2531 1028 2589 nt
1042 2530 1129 2606 ,quio-

189 2776 202 2823 1
223 2733 428 2824 contraditione
447 2779 474 2822 Β
544 2774 560 2822 5
582 2734 717 2838 ⁰bsequia
735 2778 763 2822 Β
833 2751 1012 2824 dembbtione
1029 2778 1059 2822 Β

117 2848 133 2896 6
151 2841 320 2907 resistesntis
338 2850 377 2909 113
395 2842 599 2895 resistentes?
668 2845 684 2893 9
704 2840 876 2911 exortatione
894 2850 923 2894 Β
994 2845 1026 2894 11
1046 2840 1130 2905 effec-

116 2915 196 2976 tuec
267 2916 300 2965 12
320 2912 455 2966 orbitates
477 2921 499 2964 V
558 2911 697 2981 subplicio
714 2920 743 2964 Β
807 2912 908 2965 merita
927 2910 1026 2967 Klots:
1045 2928 1129 2967 nemo

117 2997 164 3050 αβς
189 2983 257 3037 licet
274 3005 303 3050 y3
329 3001 379 3038 om.
396 2995 425 3050 σς
450 2983 551 3037 merito
570 2985 648 3038 Dese.
659 2998 689 3053 p.
701 2986 737 3037 95
810 2988 843 3037 13
862 2998 1037 3053 poenasque:
1060 2999 1130 3052 pen·

117 3070 218 3122 sasque
235 3063 263 3107 Β
334 3060 367 3108 17
386 3053 738 3125 hoccidere(hdel.s)11
802 3054 922 3125 ηιθτὶΐξα
940 3055 969 3125 (a
986 3057 1035 3125 er.)
1048 3064 1078 3108 Β

118 3131 150 3180 19
170 3125 252 3180 modo
267 3127 305 3181 H.
317 3143 347 3195 p.
358 3130 408 3181 56:
426 3142 483 3179 non
497 3134 557 3192 Βνς
576 3143 650 3179 nunc
664 3134 705 3192 Μς
724 3142 775 3180 om.
791 3137 853 3192 βγσς
872 3141 947 3179 nuno
960 3142 1018 3180 non
1032 3125 1093 3182 aa.

115 3198 228 3287 reddid¹
246 3243 304 3288 ΒΡ
320 3235 475 3304 (summe)
530 3232 572 3286 ita
590 3250 640 3288 oen.
651 3242 688 3300 Β,
707 3230 751 3285 vel
765 3231 808 3285 ita
820 3248 878 3286 non
891 3208 925 3285 ex
938 3230 994 3286 heo
1011 3250 1130 3317 capum

116 3309 151 3359 20
174 3305 242 3372 quid
261 3304 319 3359 dici
336 3305 431 3374 potest
451 3305 598 3360 subtecto
615 3302 679 3357 add.
695 3313 725 3370 o,
748 3320 799 3359 om.
815 3312 842 3357 Β
913 3309 946 3357 21
970 3303 1074 3359 vident
1092 3326 1128 3359 a:

115 3375 277 3434 ,videritiss
349 3376 430 3444 quid:
455 3375 504 3443 qui
522 3377 601 3431 Deos.
612 3392 641 3444 p.
652 3378 690 3430 83
771 3379 805 3428 28
829 3375 873 3430 ius
892 3384 975 3440 Moru
1050 3375 1130 3431 iussu

115 3447 304 3571 pllbembomm
322 3448 373 3503 del.
388 3449 466 3504 Dece.
477 3451 555 3517 1284
608 3447 674 3501 hoc:
693 3444 740 3500 hio
758 3454 792 3513 Β,
812 3463 829 3500 o
847 3457 955 3516 supa!
1010 3451 1044 3503 26.
1062 3462 1130 3503 oon·

117 3534 129 3570 s
174 3534 189 3572 e
