2408 3840
103 149 168 214 292
489 148 592 203 AMICI
610 148 729 203 VADES

102 336 279 393 paraveram
301 317 380 392 apud
403 320 564 392 tyrannum
588 319 664 377 hanc
691 319 898 393 iactationem,
925 322 961 377 ut
987 338 1044 377 me·
1058 337 1106 378 cre·

102 407 186 464 deret
211 408 380 479 remissum,
411 409 441 464 et
468 426 560 484 genus
590 407 799 466 ostentationis
830 407 1055 484 adamaveram,
1077 410 1106 466 ut

102 498 281 553 mirarentur
308 494 436 555 hominis
463 495 551 554 fidem
579 496 671 554 etiam
696 498 729 554 in
757 496 897 555 orbitate.
943 515 1002 572 quo
1015 497 1106 557 vulla

104 584 159 643 hoc
191 584 290 643 animo
322 585 415 642 feram
444 585 537 659 quod,
567 586 658 644 etiam
686 587 720 644 ut
746 587 1024 660 revertar,‘-·amico
1055 593 1106 644 mer

103 675 199 731 mater
221 671 375 748 inposuit?
412 675 442 731 et
465 675 610 750 quantum
632 674 672 733 ad
695 675 771 734 hano
793 676 934 750 pertinet,
957 677 1106 734 maximum

103 762 240 820 iuvenem
264 763 387 838 decepit,
410 762 497 820 illum
521 762 572 838 qui
594 781 675 822 meos
698 763 857 822 crediderit
880 764 1026 823 adfectus.
1061 783 1106 823 nor

103 870 233 927 possum,
255 851 380 925 iudices,
403 852 466 910 litis
489 853 577 912 huius
600 853 786 912 dissimulare
808 854 934 912 facinus.
981 855 1106 913 innocen

104 943 164 1000 tius
187 942 296 1014 fuerat,
319 941 354 998 ut
376 959 430 1018 ego
453 941 564 1000 nollem
585 942 704 1000 reverti.

170 1029 317 1103 Viderint,
340 1029 520 1088 sanctissimi
538 1031 604 1104 viri,
629 1075 724 1089 ......
743 1030 795 1089 sed
811 1033 947 1106 receptas
966 1034 1106 1090 nominun

104 1121 309 1194 persuasiones
332 1118 415 1177 velut
437 1119 570 1194 aliquam
593 1121 768 1188 servitutem
788 1119 927 1180 caritatis
951 1119 1106 1179 attendunt

104 1228 151 1265 me
175 1209 201 1266 si
225 1210 289 1283 quis
313 1209 487 1284 interroget,
509 1208 607 1267 nullos
631 1208 765 1267 adfectus
786 1211 907 1267 tantum
929 1211 1016 1268 nasci
1037 1211 1105 1284 puto

106 1290 185 1355 etsi
208 1298 274 1371 quis
303 1298 402 1354 omnia
425 1316 495 1355 vera
522 1297 638 1355 ratione
665 1299 806 1372 respiciat
834 1298 978 1373 quicquid
1004 1298 1106 1358 liberos

105 1388 226 1458 fratres,
253 1386 435 1460 propinquos
457 1387 585 1444 invicem
607 1388 704 1455 tenet,
728 1388 862 1446 amicitia
886 1390 939 1446 est
988 1387 1106 1446 hemina

105 1476 199 1551 igitur
223 1492 295 1549 quos
319 1491 386 1531 oum
407 1476 535 1532 maxime
557 1475 777 1534 incredibilium
794 1495 895 1534 rerum
916 1477 1053 1552 loquitur
1067 1477 1106 1534 in·

105 1563 200 1638 vidia,
228 1581 328 1621 sumus
356 1564 418 1622 sine
446 1564 535 1623 dubio
563 1582 623 1623 non
650 1564 785 1623 eiusdem·
808 1583 878 1640 pars
903 1567 1034 1640 animae,
1060 1583 1106 1623 nor

107 1652 237 1710 eiusdem
262 1651 378 1726 pondus
405 1654 494 1726 uteri,
522 1656 552 1711 et
575 1656 687 1728 quanto
715 1656 813 1713 minus
835 1655 868 1711 in
896 1656 1009 1730 causis,
1035 1655 1106 1712 tante

107 1742 174 1817 plus
196 1742 228 1798 in
252 1739 370 1798 adfectu
393 1743 445 1800 est.
482 1741 687 1802 admirabilior
706 1744 824 1817 caritas,
846 1743 879 1801 in
899 1761 992 1818 quam
1009 1743 1106 1802 coimus

107 1830 219 1889 viribus
243 1831 359 1888 nostris.
396 1849 455 1889 non
478 1830 580 1906 pudet,
603 1831 723 1906 iudices,
746 1832 822 1890 hauc
845 1832 937 1890 fateri
954 1833 1106 1908 persuasio

107 1940 183 2019 nem,
201 1919 299 1976 minus
318 1918 441 1977 debetur
458 1919 573 1978 homini
591 1922 643 1995 qui
661 1921 791 1996 aliquem
807 1920 875 1979 ideo
894 1922 1015 1980 tantum
1031 1923 1106 1980 amat

108 2008 179 2084 quia
201 2026 317 2066 necesse
341 2011 441 2066 esti
430 2008 546 2110 itacst,
568 2009 690 2083 iudices,
711 2012 756 2068 ita
775 2011 832 2069 est:
856 2012 999 2085 oprimis
1017 2011 1106 2070 datin

108 2097 314 2156 aetatibusin
337 2097 460 2155 eandem
488 2100 565 2156 coire
588 2101 684 2157 vitam
710 2099 800 2157 -habet
828 2099 961 2174 aliquem
981 2097 1106 2158 fraterni·

108 2189 179 2245 tatis
204 2185 301 2245 adfoct
303 2206 362 2248 um.

89 2292 94 2298 ·
176 2275 224 2333 Sic
247 2275 332 2333 effect
319 2278 383 2332 tum
406 2279 464 2350 est,
492 2277 526 2333 ut
547 2294 600 2334 nos
624 2275 727 2334 statim
749 2276 830 2336 fama
853 2280 1065 2352 committeret,
1085 2217 1106 2332 el

108 2367 120 2421 t
123 2366 163 2422 h
186 2363 345 2422 certamine
369 2367 493 2439 coimus,
517 2367 564 2439 ut,
591 2366 618 2423 si
642 2365 713 2440 quid
736 2366 891 2426 accidisset
913 2367 980 2441 uni,
1003 2365 1106 2425 deberet

109 2454 152 2511 alt
140 2455 196 2512 teri
224 2453 398 2526 exemplum.
444 2411 513 2512 inde
541 2455 598 2527 est,
621 2455 700 2530 quod
724 2458 754 2513 et
780 2457 895 2530 pariter
920 2459 1032 2516 reverti
1053 2473 1106 2514 cou-

180 2700 194 2746 1
213 2696 378 2775 tyrrannum
397 2703 418 2745 1’
492 2697 524 2748 ut
542 2694 684 2767 (matris)
703 2697 877 2749 morarentur
895 2697 975 2753 Deos.
987 2715 1015 2767 p.
1031 2701 1066 2752 89

109 2783 274 2866 3hominles
293 2810 314 2851 1·
386 2801 472 2854 ctiam
489 2801 641 2855 morbitate
663 2810 689 2852 1’.
759 2802 916 2856 dmaxime
934 2812 966 2856 Μ
1040 2809 1106 2856 tac·

109 2908 184 2991 cepit
203 2923 266 2960 aum
285 2916 317 2960 Μ
386 2908 557 2962 crediderint
574 2916 607 2960 Μ
686 2890 899 2962 scissimula⁰
916 2919 945 2963 Β
1025 2908 1100 2962 asad

109 2980 205 3047 qui33
225 2979 257 3032 dc
275 2980 376 3033 lacuna
395 2981 429 3046 cf.
446 2982 590 3089 Dessp¹3
579 2984 620 3033 89
681 2984 714 3032 10
732 2979 865 3034 karitatis
884 2989 917 3033 Μ
976 2988 1008 3034 11
1029 2980 1106 3035 nullia

109 3113 160 3155 Β1
237 3102 386 3167 effectuae
472 3110 503 3157 12
524 3074 590 3159 νοιΞ
607 3114 634 3157 Β
721 3120 813 3174 persp
829 3106 937 3159 Fracta
1030 3111 1060 3159 13
1077 3104 1106 3156 est

109 3191 183 3243 supr.
199 3183 227 3226 Β
287 3173 408 3228 hominis
427 3197 445 3227 α
509 3182 542 3230 15
561 3193 656 3230 snmus
674 3175 800 3245 profecto
820 3175 919 3229 sines
985 3182 1018 3230 16
1036 3173 1106 3230 uteri

109 3254 148 3312 Β,
166 3246 243 3299 nturi
262 3256 289 3298 Β
357 3247 407 3299 sed
424 3256 445 3298 1
513 3250 598 3317 quate
618 3257 645 3300 Β
726 3252 758 3300 17
777 3248 820 3300 est
839 3247 880 3303 bis
896 3256 919 3298 Υ
992 3246 1106 3302 ammira

109 3289 194 3370 bilior
212 3316 288 3370 karit
276 3320 318 3370 tas
338 3327 369 3370 Μ
447 3332 537 3386 quaa
618 3324 650 3372 18
669 3319 723 3372 hac
740 3327 769 3371 Β
848 3323 880 3372 21
901 3318 996 3373 cohire
1013 3327 1072 3372 ΒΜ

102 3394 136 3442 24
157 3388 285 3446 colimus
305 3392 349 3461 Β;
369 3389 497 3464 coimus
517 3389 660 3459 11111111,
727 3392 776 3441 ut·¹
796 3392 888 3442 atne
958 3391 1022 3458 quie
1042 3398 1072 3443 Μ

90 3462 239 3521 accidisse
257 3475 315 3521 Β1
387 3472 424 3522 21)
443 3467 476 3522 et
495 3463 618 3521 alteris
691 3463 722 3513 et
739 3476 816 3525 supr
831 3467 855 3508 11
919 3461 1106 3522 contemperans

80 3558 119 3603 ce,-
140 3555 216 3597 corr.
234 3542 295 3598 Bra
863 3565 868 3571 ·
