2408 3840
136 169 203 230 414
448 161 639 218 EXCERPTA
657 160 837 216 PARISINA.

135 427 232 482 minus
256 425 309 482 est.
350 423 384 480 P.
404 441 489 480 omne
520 421 653 479 ablatum
681 439 825 496 magnum
855 422 901 479 est
928 440 988 496 quo
1015 422 1148 480 relictum

135 513 232 570 minus
257 513 308 570 est.
345 511 383 568 D.
403 509 554 569 vindicare
580 510 667 569 flores
689 527 770 568 meos
801 528 862 568 non
886 508 994 568 licuit?
1033 511 1068 568 P.
1088 513 1148 586 quis

135 606 223 678 neget
251 619 321 676 apes
344 599 538 658 vindicandas
562 599 640 676 lege,
670 598 696 656 si
720 597 807 658 flores
836 597 975 657 veneno?
1013 600 1052 657 D.
1072 600 1148 658 darn-

135 711 206 747 num
237 694 322 748 tuum
353 690 484 764 opponis.
527 707 626 746 meum
655 687 758 746 audire
787 707 847 746 non
877 690 930 748 vis.
974 688 1062 747 flores
1091 708 1177 748 cor-⁵

136 779 322 854 rumpebant.
360 779 393 835 P.
414 779 500 851 quasi
517 779 552 835 tu
570 777 638 835 illos
657 775 695 835 ad
714 778 896 834 vetustatem
914 794 1058 836 servares.
1095 797 1148 836 non

134 871 235 942 potest
263 886 324 925 esse
353 866 407 925 flos
438 869 468 924 et
497 885 556 923 non
584 884 686 924 novus.
727 865 766 922 D.
786 883 903 924 servare
933 885 995 926 non
1024 885 1148 942 possum,

136 958 285 1032 corrumpi
314 955 389 1013 nolo.
435 956 469 1013 P.
490 974 549 1029 qua
579 954 748 1029 corruptela
778 952 963 1030 impatiens?
1008 955 1148 1031 numquid

135 1045 201 1103 ideo
225 1045 314 1103 citius
334 1046 449 1116 arescit,
472 1044 559 1102 citius
579 1040 708 1102 decidit?
749 1060 845 1101 nonne
864 1062 919 1120 ego
938 1043 998 1101 tibi
1016 1045 1148 1104 favorum

135 1134 283 1209 primitias
314 1130 491 1191 offerebam?
532 1133 570 1191 D.
589 1135 680 1190 immo
710 1136 745 1190 tu
768 1133 847 1206 quod
876 1131 1059 1207 abstuleras,
1089 1133 1179 1193 red-o

135 1223 238 1295 debaS,
261 1240 315 1299 ego
339 1221 418 1296 quod
441 1221 610 1295 amiseram,
633 1221 820 1296 recipiebam.
861 1221 930 1279 nolo
955 1222 1098 1298 amplius,
1119 1226 1150 1281 ut

134 1314 290 1386 recipiam,
320 1312 471 1383 amittere3
501 1310 580 1368 malo
605 1309 764 1369 vindicare.
812 1310 845 1367 P.
868 1309 982 1369 adeone
1006 1309 1149 1387 abrupte?

134 1418 231 1458 nonne
254 1399 337 1474 prius
357 1399 561 1473 demonstrari,
585 1399 761 1457 calumniari
779 1396 902 1457 debuit?
942 1401 984 1458 D.
1003 1403 1041 1459 ut
1059 1403 1149 1460 trans·

135 1489 235 1561 ferreS,
254 1488 435 1547 denuntiavi.
473 1489 505 1545 P.
525 1506 585 1546 non
603 1506 666 1565 ego,
685 1487 717 1545 P.
733 1485 773 1562 C,
788 1487 826 1546 ad
844 1487 979 1564 divitem,
998 1490 1052 1548 sed
1072 1490 1149 1548 divas

135 1575 173 1632 ad
192 1595 262 1652 apes
280 1596 360 1636 meas
380 1579 510 1636 accessit.
554 1596 612 1652 quo
630 1570 731 1636 tamen
749 1575 964 1636 transferrem?
1001 1582 1037 1637 tu
1057 1583 1148 1638 totam
1160 1597 1178 1637 u

135 1665 285 1741 occupasti
308 1666 456 1724 viciniam.
502 1666 618 1724 nullum
639 1667 741 1724 inveni
763 1666 907 1743 agellum,
936 1668 971 1724 in
996 1687 1057 1742 quo
1081 1669 1148 1727 milri

135 1753 216 1813 dives
246 1756 360 1814 vicinus
384 1773 442 1812 non
473 1757 556 1814 esset.
597 1774 651 1814 nec
677 1757 778 1814 tamen
808 1754 859 1812 diu
889 1774 1034 1829 quaerere
1059 1758 1147 1817 licuit

135 1845 270 1918 sequenti
293 1843 339 1900 die
368 1843 509 1902 damnum
536 1844 646 1902 intulit.
688 1844 799 1903 Dour
821 1863 880 1901 non
903 1862 988 1918 oves,
1016 1864 1074 1904 our
1096 1866 1146 1905 non

134 1932 260 2007 pecudes
284 1936 439 2007 ceteraque
457 1934 585 1991 innocua
602 1930 776 1991 nutriebas?
814 1934 847 1992 P.
866 1933 917 1990 vix
933 1933 1012 1992 mihi
1031 1937 1145 1994 tenuem

135 2021 311 2080 ascendendi
324 2022 460 2080 semitam
469 2022 626 2096 reliquisti.
659 2020 784 2079 arduum
799 2023 843 2079 est
856 2021 1022 2098 gressibile.
1064 2040 1175 2099 quae-u

134 2112 190 2168 sivi
214 2111 344 2169 volatile.
386 2112 425 2169 D.
446 2130 514 2188 ergo
533 2110 659 2168 liberum
682 2111 781 2185 sicque
804 2129 864 2168 non
886 2112 982 2168 tunm.
1025 2114 1062 2170 P.
1083 2132 1146 2173 sane

133 2201 203 2256 dum
227 2200 338 2257 volant.
380 2201 465 2273 atqui
492 2199 562 2257 dum
585 2199 732 2272 concludi,
760 2198 876 2272 donari,
899 2199 991 2258 vendi
1015 2206 1146 2277 possunt.

132 2290 170 2344 D.
191 2292 395 2346 verumtamen
422 2291 505 2346 extra
534 2289 692 2363 imperium
723 2293 821 2361 tuum,
849 2305 901 2346 nco
933 2291 1018 2348 anim
1049 2310 1146 2369 regere

132 2396 186 2434 nec
205 2377 339 2435 cohibere
362 2380 454 2452 potes.
496 2378 528 2434 P.
548 2371 664 2435 miraris
688 2376 766 2452 quod
784 2395 932 2435 sermones
950 2397 1013 2436 non
1032 2381 1145 2440 intelle

133 2468 214 2541 gunt.
255 2466 443 2524 irrationales
467 2469 543 2524 sunt.
585 2469 671 2524 erunt
693 2467 807 2542 peiores
831 2465 909 2541 quod
932 2468 998 2525 sine
1021 2470 1174 2545 imperiola

132 2555 232 2610 omnia
254 2553 388 2612 faciunt?
429 2554 468 2611 D.
488 2554 567 2630 quod
589 2556 720 2614 universi
742 2558 878 2630 pascunt,
907 2573 1069 2616 commune
1093 2578 1146 2617 non

132 2641 209 2700 erit?
249 2644 282 2701 P.
299 2643 444 2717 quomodo
460 2643 539 2718 quod
557 2646 697 2718 nascitur,
716 2663 814 2701 meum
832 2643 897 2716 erit,
917 2644 999 2718 quod
1015 2651 1145 2723 generat,

132 2729 282 2788 alienum?
323 2733 362 2789 D.
381 2732 457 2788 nihil
485 2734 612 2791 amisisti
640 2732 718 2808 quod
745 2731 875 2791 haberes.
917 2733 1037 2792 nullum
1068 2736 1144 2796 dam·

131 2840 201 2876 num
217 2837 319 2894 passus
335 2839 372 2878 es.
410 2821 442 2878 P.
458 2822 539 2879 itane
558 2841 618 2879 non
631 2820 743 2879 habui?
778 2821 841 2878 noli
854 2820 1003 2896 inpedire:
1023 2825 1144 2889 videbis.

131 2909 168 2964 ad
192 2928 280 2983 quem
293 2909 419 2967 venient.
462 2909 564 2968 licebit
578 2911 708 2969 occidere
724 2909 803 2985 quod
816 2928 875 2967 non
889 2909 961 2969 licet
975 2911 1173 2988 surripera?s

129 2997 210 3053 itane
234 3016 292 3055 non
317 3000 361 3055 est
384 2997 537 3072 damnum,
561 3000 682 3075 perdere
706 2998 794 3074 quod,
818 3001 852 3057 ut
873 2998 998 3074 habeas,
1027 3006 1145 3077 oportet

202 3191 214 3236 1
236 3184 371 3237 iudicium
394 3179 439 3237 i'B
517 3191 532 3238 5
552 3187 670 3256 apponis
688 3195 733 3240 VB
809 3190 826 3238 8
845 3187 1025 3256 corruptione
1048 3198 1094 3242 rt

128 3254 303 3323 impatientis
323 3257 365 3309 eet
380 3264 407 3309 u
475 3260 507 3309 10
527 3256 678 3312 afferebam
696 3266 740 3311 VB
801 3263 833 3310 12
853 3257 924 3311 adeo
942 3274 1000 3313 non
1014 3259 1054 3327 V;
1073 3262 1142 3316 adeo

127 3343 177 3380 cur
194 3328 272 3383 Desa.
348 3331 381 3380 13
401 3326 591 3427 dpmonebmc
612 3338 657 3383 VB
727 3329 912 3382 demonstrari
933 3346 1020 3397 qnam
1039 3331 1140 3385 calum·

105 3477 187 3533 niari
208 3489 242 3536 le
336 3483 371 3534 20
393 3436 508 3532 atam
532 3483 573 3540 P·,
595 3471 722 3525 accitum
740 3475 785 3527 lb,
801 3464 904 3514 arbum
923 3473 943 3511 u
1016 3472 1054 3513 ux
1067 3471 1151 3515 susus.

100 3551 166 3610 bile
183 3564 248 3611 BV
326 3558 359 3610 27
385 3550 471 3624 quod
493 3547 620 3604 alterum
637 3556 694 3596 ora.
710 3546 734 3588 1¹
804 3535 843 3580 Ἠ
853 3526 1012 3577 nunaut
