2408 3840
114 157 178 221 208
328 154 435 210 DIVES
454 154 663 210 ACCVSATVS
681 153 914 210 PRODI'I'IONIS
942 210 944 214 .

114 325 385 400 suppliciorumque
408 325 573 383 novitatem
596 324 632 382 de
656 342 711 382 sua
732 323 846 399 pietate
868 326 1052 384 commentus
1074 328 1122 384 est.

114 415 189 471 nihil
210 413 306 491 magis
330 413 366 472 de
388 413 509 472 inimico
533 412 647 472 efficere
665 413 739 472 velis
758 432 848 488 quarn
867 413 947 488 quod
969 415 1033 491 ipse
1051 415 1124 474 ferre

115 522 174 561 non
196 521 300 578 poss1s.

180 591 280 650 Habet
302 592 357 649 hoo
382 592 468 665 mali,
494 590 619 664 iudices,
648 589 829 665 principium
856 591 1028 651 innocentia
1051 592 1125 668 quod

115 680 250 739 inimicos
270 698 332 739 esse
350 679 444 754 nobis,
467 679 527 738 nisi
548 682 709 754 postquam
727 681 892 754 nocuerint,
915 681 1076 741 nescimus:
1099 684 1156 741 ets

115 773 187 828 tunc
211 769 347 827 omnibus
369 772 505 844 patemus
528 768 654 843 insidiis,
678 768 814 844 quotiens
836 787 890 828 nos
912 769 976 829 odit
998 771 1125 831 inferior.

114 860 203 916 homo
228 859 278 933 qui
307 876 423 916 ornnem
450 857 589 915 adversus
613 859 766 932 superiora
792 856 907 916 rabiem
930 859 966 917 de
994 862 1041 919 sui
1063 860 1127 920 vili·

115 950 178 1006 tate
202 946 345 1021 sumebat,
369 947 421 1021 qui
440 964 532 1022 genus
553 946 701 1004 libertatis
724 947 852 1021 putabat
875 947 972 1007 odisse
994 948 1127 1023 maiores,

115 1037 191 1094 nulli
219 1036 351 1108 caritati,
379 1035 469 1094 nullis
497 1033 661 1109 implicitus
690 1034 868 1110 adfectibus,
897 1036 977 1112 quod
1000 1037 1127 1113 humilis,

116 1125 195 1200 quod
218 1126 295 1184 esset
318 1123 463 1199 abiectus,
488 1124 519 1181 in
542 1124 673 1182 furorem
696 1142 727 1182 se
750 1143 877 1202 magnae
900 1125 1159 1185 conluctationisrr

116 1213 254 1271 exercuit.
290 1213 403 1287 primus
424 1231 454 1272 se
473 1232 572 1270 meum
590 1212 666 1270 dixit
688 1213 850 1272 inimicum.
888 1231 906 1272 o
924 1213 967 1272 dii
986 1213 1127 1289 deaeque!

116 1304 198 1361 cuius
227 1320 281 1378 ego
308 1305 435 1360 monstri
463 1304 541 1360 artes
569 1299 702 1377 pertuli?
745 1301 778 1360 in
801 1305 883 1362 euius
909 1302 1039 1362 feritatis
1063 1321 1127 1363 con·

115 1393 278 1449 luctatione
307 1388 432 1449 duravi?
477 1391 631 1449 inimicum
657 1390 750 1449 habui
778 1410 873 1466 neque
901 1391 1034 1450 occidere
1062 1410 1128 1452 con-

115 1483 232 1539 tentum
256 1481 285 1537 et
308 1480 384 1538 mori
406 1481 552 1554 paratum.

82 1587 100 1642 3
186 1567 305 1627 Gratias
333 1587 390 1646 ago
418 1569 535 1628 civitati
563 1568 642 1643 quod
672 1569 705 1627 in
735 1568 796 1627 illis
826 1568 1066 1645 necessitalibus,
1097 1571 1160 1628 inu

120 1657 226 1733 quibus
245 1658 320 1715 nihil
338 1658 514 1731 adulationi,
537 1657 612 1715 nihil
629 1657 829 1732 praestabatis
848 1657 1007 1733 obsequiis,
1029 1658 1129 1717 lauda-

117 1750 166 1805 tus
193 1765 258 1804 sum
285 1747 456 1806 testimonio
483 1747 692 1822 periculorum.
737 1746 851 1804 bellum
873 1747 950 1804 mihi
974 1747 1129 1823 fatumque

118 1835 254 1910 publicae
292 1836 502 1895 sollicitudinis
540 1835 713 1894 credidistis.
766 1835 817 1893 sed
853 1854 948 1910 neque
982 1856 1038 1914 ego
1068 1855 1129 1895 rem

118 1924 249 1982 melioris
276 1924 358 1983 ducis
385 1926 481 1984 facere
508 1926 594 2000 potui
618 1943 709 1999 quam
732 1924 811 1999 quod
837 1924 901 1983 sine
927 1925 1030 1985 liberis
1057 1926 1127 1984 meis

118 2013 266 2089 profectus
290 2031 361 2072 sum.
400 2033 460 2072 non
482 2014 653 2088 reliquisset
675 2013 742 2071 illos
765 2012 825 2071 dux
846 2012 1030 2088 proditurus.
1069 2032 1126 2073 non
1139 2030 1160 2070 u

118 2103 205 2177 puto,
230 2102 353 2176 iudices,
381 2103 477 2161 adhuc
500 2103 604 2177 quaeri
627 2102 704 2160 unde
727 2101 797 2160 illae
820 2101 964 2160 falsarum
987 2103 1128 2162 sollicitu-

119 2192 221 2249 dinum
247 2191 368 2250 fabulae
395 2193 515 2267 repente
539 2192 739 2266 proruperint,
764 2191 830 2265 quis
857 2191 972 2266 primus
996 2192 1128 2268 trepidae

120 2280 250 2338 civitatis
279 2298 363 2339 aures
395 2299 511 2339 rumore
540 2281 712 2355 complevit,
746 2298 813 2340 eum
839 2279 967 2339 videatis
996 2282 1064 2356 quis
1091 2280 1130 2340 sic

120 2369 222 2445 egerit,
245 2371 279 2426 ut
302 2369 466 2429 crederetis.
503 2369 579 2427 vidit
601 2370 678 2428 hano
700 2371 779 2428 inter
798 2370 896 2428 metus
915 2371 1031 2429 vestros
1050 2387 1129 2428 occa·

120 2458 233 2516 sionem
255 2458 297 2532 et,
321 2459 391 2532 quia
418 2476 533 2532 semper
556 2458 636 2533 apud
660 2458 802 2517 sollicitos
830 2458 861 2515 in
885 2457 1016 2517 deterius
1039 2471 1160 2533 pronao

119 2548 271 2621 persuasio
294 2548 351 2622 est,
379 2546 486 2605 abusus
510 2549 555 2605 est
581 2547 637 2604 hoc
661 2546 739 2621 quod
766 2548 885 2622 poterat
907 2546 1003 2605 videri
1029 2547 1131 2606 timere

120 2634 280 2693 vobiscum.
321 2636 415 2712 igitur
436 2636 525 2694 homo
549 2636 602 2711 qui
624 2636 741 2693 nullum
765 2636 914 2693 conscium
937 2654 1047 2710 meum,
1069 2636 1132 2694 nul-

121 2725 184 2781 lum
206 2723 280 2780 mihi
303 2724 412 2783 crimen
436 2725 556 2797 obiecit,
585 2724 620 2783 de
643 2724 792 2783 mendacii
815 2724 1023 2802 magnitudine
1046 2724 1132 2783 fidem

177 2917 209 2997 '4
227 2947 404 3017 principem
423 2956 455 2999 u
505 2946 694 3001 innocentum
712 2955 764 3000 nv
832 2945 1088 3001 cassamolas

122 3016 469 3085 coditom.u1,add.m
541 3017 660 3072 9nullis
679 3035 728 3072 om.
744 3025 782 3084 Μ,
800 3034 922 3087 cupam
994 3019 1090 3073 nmilia
1109 3027 1136 3072 B

124 3129 156 3177 10
179 3091 227 3177 eet
244 3134 272 3176 B
344 3130 375 3177 12
395 3125 425 3178 in
444 3125 523 3178 cuius
541 3142 591 3180 om.
610 3134 632 3176 V
686 3123 853 3177 conluctatie
876 3133 898 3176 V
962 3124 1142 3180 resonae*

122 3195 221 3250 duravi
240 3205 272 3248 Μ
340 3198 532 3265 contemptum
554 3205 576 3248 V
645 3201 677 3249 16
699 3194 890 3250 adhulationis
913 3205 935 3248 V
1005 3201 1039 3251 17
1058 3196 1134 3251 teeti·

23 3309 27 3316 ’
121 3320 243 3384 moniic
299 3325 331 3373 18
349 3320 476 3392 publici}
495 3331 526 3374 Μ
578 3327 612 3374 20
630 3320 811 3391 relinquisset
824 3330 852 3374 n
904 3326 937 3374 21
957 3320 1008 3375 ille
1022 3343 1041 3375 α
1060 3283 1137 3393 (ὶΙΙιΞ

123 3400 160 3456 Μ,
178 3409 253 3460 supr.
268 3395 309 3461 m)
324 3406 351 3458 a,
371 3408 420 3446 om.
435 3402 460 3445 J
512 3392 731 3447 sollicitudinem
744 3403 772 3445 B
825 3398 858 3445 22
878 3391 993 3447 fabulae
1012 3402 1099 3448 om

122 3466 343 3531 proruperunte
433 3470 466 3518 23
488 3464 634 3533 complerit
651 3465 707 3518 Bu.
799 3470 834 3517 24
858 3463 1009 3518 crederetis
1027 3481 1063 3520 ea
1079 3479 1137 3519 crc-

121 3533 196 3587 datie
221 3543 241 3587 V
310 3540 343 3590 26
363 3537 501 3602 temeres
