2408 3840
366 151 600 210 DECLAMA'HO
619 155 772 212 V11-1a
1031 154 1073 220 99

58 325 204 385 nascendi
226 326 317 400 leone,
339 325 424 384 illurn
443 323 603 404 gratiorem
620 327 701 401 patri
719 318 791 385 fecit
812 322 948 385 infantia.
982 327 1075 384 alium

60 415 169 474 laetior
197 415 299 474 vultus
331 418 361 504 et
392 415 529 474 blandior
543 458 545 462 Α
560 414 668 473 osculis
701 415 942 491 amplexibusque
974 416 1077 491 facies,

63 505 209 580 quosdam
231 506 327 581 magis
351 504 493 563 severitas
516 504 708 580 probitasque
727 504 920 563 commendat.
957 503 988 562 in
1010 505 1078 579 qui*

61 593 189 653 busdam
220 593 386 670 diliguntur
421 594 627 669 impatientius
659 593 853 652 calamitates.
904 595 934 651 et
965 593 1074 651 damna

31 703 46 743 a
61 701 220 758 corporum
243 681 470 757 debilitatasque
488 681 686 740 membrorum
703 683 867 741 notabilius
884 683 1079 746 miseratione·

60 771 294 846 complectimur.
336 772 421 830 salva
443 773 610 830 esttamen
632 773 820 846 universitas,
843 789 910 829 cunr
933 771 1076 846 quicquid

58 863 91 918 in
117 860 178 918 alio
207 877 319 919 cessare
347 859 484 934 creditur,
512 861 543 918 in
567 860 660 919 altero
687 861 819 919 restituit
842 861 918 918 alter
944 855 1076 918 affectus.

59 967 182 1008 securus
206 948 263 1022 sis,
277 967 337 1007 non
354 949 535 1008 intercidunt
552 951 620 1023 ista,
643 968 702 1007 non
721 952 853 1025 pereunt,
877 948 928 1008 sed
945 949 1073 1008 invicem

58 1040 195 1112 vincunt,
218 1039 398 1113 praevalent,
422 1038 537 1097 cedunt.
573 1037 636 1096 filio
654 1058 713 1098 non
731 1041 832 1114 potest
848 1039 993 1114 praeferri
1014 1038 1072 1105 nisi,¹

15 1149 45 1189 ro
58 1127 148 1185 filius.
195 1126 341 1201 blandiar,
367 1126 493 1202 iudices,
521 1127 672 1203 paulisper
700 1128 918 1186 calamitatibus
938 1127 1015 1186 ‘meis
1043 1129 1073 1185 et

60 1217 103 1275 sic
136 1234 241 1293 agam,
272 1218 427 1291 tamquam
459 1215 538 1291 apud
570 1217 683 1292 piratas
714 1218 879 1275 invenerim
910 1219 1072 1292 utrumque

59 1323 176 1364 sanum.
221 1305 309 1362 attuli
332 1305 395 1363 sine
418 1303 507 1363 dubio
530 1306 658 1381 pretium
682 1305 816 1380 duorum,
839 1305 889 1364 sed
911 1308 1072 1380 utrumque

59 1394 173 1470 praedo
201 1412 260 1452 non
287 1393 393 1453 reddit.
440 1394 525 1452 offert
554 1394 741 1453 electionem:
773 1394 893 1453 suadete
926 1394 997 1470 quid
1028 1396 1071 1452 fa-

60 1483 146 1542 ciam.
195 1483 266 1557 quid
289 1481 386 1541 dicis?
419 1478 474 1541 ‘isa
496 1483 593 1559 pietas
616 1485 669 1559 est,
693 1483 782 1558 abire,
805 1483 963 1557 discedere,
985 1478 1074 1542 irasci

18 1592 45 1632 ra
61 1573 190 1645 seilicet,
218 1572 301 1646 queri
329 1574 360 1630 et
385 1573 530 1630 invidiam
559 1572 654 1631 facere
682 1567 805 1648 piratis'
834 1591 887 1631 vos
913 1574 1074 1649 interrogo,

59 1660 162 1735 liberi,
190 1678 257 1734 vos,
283 1664 434 1735 parentes:
461 1680 521 1719 non
544 1680 613 1738 ergo
637 1662 752 1720 facinus
780 1664 825 1720 est
846 1661 912 1719 ideo
936 1663 1074 1720 neutrum

59 1749 219 1824 redimere,
251 1749 321 1824 quia
356 1752 515 1825 utrumque
551 1768 611 1808 non
645 1747 764 1826 possis?
813 1751 931 1828 egregia
967 1751 1073 1826 pietas,

60 1857 196 1915 aequare¹
211 1838 320 1897 liberos
338 1839 455 1897 iustitia
478 1839 701 1915 desperationis,
724 1841 754 1897 et
777 1858 811 1897 ex
834 1840 890 1898 hoc
910 1839 989 1914 quod
1008 1858 1072 1897 suc-

60 1946 180 1986 currere
203 1946 262 1986 non
280 1928 427 2005 contingit
449 1927 573 2001 duobus,
596 1927 755 1986 orbitatem
777 1929 873 1987 facere
897 1929 998 1987 totam.
1035 1931 1072 1987 tu

20 2037 46 2076 ao
59 2035 140 2090 vero,
164 2018 308 2091 senectuS,
331 2017 430 2092 accipe
454 2016 595 2093 quicquid
619 2016 715 2091 datur,
742 2019 841 2092 accipe
864 2017 1005 2092 quicquid
1028 2015 1071 2076 of-

59 2107 164 2179 fertur,
188 2104 261 2162 dum
282 2106 338 2164 hoc
356 2105 462 2164 saltem
484 2105 599 2165 feritati
622 2106 704 2181 libet,
727 2108 885 2180 antequam
904 2106 936 2162 in
955 2107 1070 2181 patien-

58 2195 135 2253 tiam
157 2197 223 2252 tam
246 2212 334 2253 saeva
357 2194 497 2254 decrescit
519 2196 698 2253 immanitas.
743 2195 864 2252 interim
886 2195 981 2252 multa
1003 2212 1070 2269 pos-

59 2286 130 2342 sunt
153 2282 258 2341 afferre
281 2301 379 2342 casus:
402 2301 520 2358 sperare
543 2284 622 2357 licet,
645 2283 802 2359 repeteris3
826 2301 953 2358 sperare,
976 2285 1070 2358 pater,

58 2372 195 2432 fortassis
219 2372 333 2430 evadat.
380 2390 575 2448 quaecunque
597 2372 738 2447 explicari
766 2371 987 2430 coacervatione
1010 2390 1070 2430 non

20 2463 197 2537 reposeens,
228 2480 282 2536 per
312 2464 411 2536 partes
443 2463 581 2536 vicesque
613 2465 777 2534 servantur,
814 2463 844 2519 et
875 2459 992 2519 facilius
1025 2464 1070 2519 est

58 2550 156 2609 divisa
188 2548 358 2608 subtrahere
390 2569 516 2626 quorum
547 2550 721 2627 magnitudo
753 2550 870 2608 laborat
900 2550 933 2607 in
965 2549 1068 2608 solido.
1094 2588 1100 2598 ·

58 2640 205 2713 quantum
227 2637 377 2716 intellego,
400 2640 520 2714 iudieeS,
542 2639 623 2697 filius
642 2640 690 2698 cui
710 2641 900 2714 profuturum
918 2657 978 2697 non
997 2638 1120 2713 erat,13

57 2731 91 2787 ut
116 2728 269 2805 eligerem,
296 2727 352 2785 hoc
375 2729 474 2788 solum>
494 2729 570 2787 ferre
592 2747 653 2787 non
675 2730 774 2802 potest
798 2727 875 2804 quod
897 2728 1067 2802 redemptus

57 2819 103 2877 est
125 2817 226 2876 frater.
264 2818 329 2891 quis
352 2818 437 2891 hanc,
459 2817 580 2892 iudices,
602 2816 817 2893 impudentiam
839 2815 940 2875 ferat?
977 2817 1069 2876 obicit

19 2907 131 2966 aomihi
155 2904 235 2981 quod
261 2906 358 2963 ullum
385 2906 427 2964 de
448 2906 548 2964 liberis
575 2906 648 2965 meis
671 2907 819 2981 potuerim
845 2905 942 2964 facere
965 2906 1067 2965 discri-

55 3014 133 3054 men.
180 2993 285 3052 deinde
318 2996 454 3069 queritur
485 3014 545 3054 non
577 3014 607 3054 se
634 2996 734 3070 potius
767 2995 907 3068 electum,
940 2997 970 3053 et
999 3013 1066 3053 cum

128 3189 142 3235 1
163 3180 296 3235 uescendi
314 3191 335 3233 v
384 3181 458 3250 patri
472 3183 533 3236 Ba:
552 3181 628 3252 prior
642 3195 707 3249 ayo,
727 3199 776 3236 om.
788 3195 802 3246 β
816 3183 859 3252 (ef.
876 3183 953 3236 Desa.
966 3199 994 3249 p.
1005 3184 1065 3252 83);

55 3253 229 3323 pracfecite
313 3252 525 3306 Sintercedunt
542 3263 570 3307 B
649 3252 750 3309 9nisi:
769 3253 827 3306 rasi
844 3262 873 3306 Β
952 3257 985 3304 13
1003 3253 1065 3304 red-

56 3326 131 3378 didit
149 3333 177 3377 Β
265 3329 298 3377 16
320 3323 385 3388 ideo
404 3337 484 3389 cmc
574 3329 606 3378 18
629 3324 682 3378 hoc
701 3333 826 3379 cram
903 3333 995 3391 quob

56 3402 90 3449 20
108 3410 173 3450 vere
192 3403 224 3448 ,Ι
279 3401 312 3448 21
331 3395 521 3463 patientiam
574 3402 607 3448 22
626 3397 769 3449 decrescat
782 3405 815 3448 Μ
866 3400 899 3448 23
918 3394 1064 3464 repeteris:

55 3466 216 3536 repeteritis
234 3475 272 3534 133
289 3468 416 3535 repetere
435 3476 468 3519 Μ
483 3467 537 3536 (vel
554 3467 688 3539 repeteris
706 3485 781 3538 capr.
796 3469 872 3539 mlo
892 3535 895 3539 ⁸
941 3471 978 3520 ‘ab
992 3465 1077 3520 bauo

55 3556 106 3594 cm.
121 3547 157 3606 Ι,
176 3537 273 3592 addo
308 3590 311 3594 Α
342 3537 443 3591 iudicis
459 3547 489 3592 B

894 3633 932 3690 v
