2408 3840
133 156 196 220 156
431 155 573 245 *aalma
590 155 833 211 LANGVENTES

130 327 166 383 ut
184 342 218 381 ex
237 324 337 383 liberis
356 325 446 384 vilior
463 325 588 401 incipiat
606 343 668 385 esse
686 327 844 401 peritmus.
882 324 991 384 medici
1008 325 1142 402 despera·

131 416 245 472 verunt.
292 414 364 490 quid
392 414 473 473 istud
501 414 539 472 ad
566 413 703 490 patrem?
748 432 835 491 spera
857 416 905 488 tu,
932 414 1001 473 iube
1027 432 1144 491 sperare

130 505 270 577 matrem,
297 503 357 562 tuis
384 505 483 579 potius
512 503 677 578 affectibus,
704 506 765 562 tuis
793 502 988 563 crederetis.
1034 506 1065 563 et
1091 505 1145 562 hoc

132 591 168 650 de
191 592 344 667 parricidii
366 592 512 650 facilitate
532 595 577 651 est
595 593 674 651 circa
690 592 819 652 filiorum
842 593 1019 670 languorem
1037 592 1075 651 ad
1098 593 1145 651 de

133 683 284 756 sperantes
316 683 416 756 potius
447 681 590 740 accedere.
636 681 725 740 fidem
753 681 844 740 habes
874 681 1045 741 bominibus
1073 700 1177 757 quoae

132 770 253 828 mentiri
272 770 348 828 alius
367 770 505 845 affirmat,
530 773 634 829 contra
653 789 727 846 quos
748 773 859 830 iterum
878 770 974 831 eredis
992 771 1046 829 uni
1063 790 1146 847 pras·

133 857 255 918 sertim?
301 859 483 918 severissime
510 859 628 917 hercule
655 858 691 918 de
714 862 768 920 tua
790 859 910 918 feritate
938 861 1093 934 sentirem,
1122 861 1147 918 si

132 950 164 1006 in
184 966 359 1024 quacunque
376 947 432 1006 filii
451 948 603 1008 curatione
621 968 680 1007 non
700 948 853 1008 adhiberes
871 949 1067 1024 propinquos,
1090 967 1147 1008 non

132 1039 330 1114 interrogares
349 1039 467 1111 amcos,
487 1056 545 1096 non
564 1039 724 1113 respiceres
744 1038 781 1096 ad
799 1038 905 1097 matris
925 1037 1068 1113 animum,
1089 1057 1147 1097 non

132 1126 209 1184 hanc
231 1126 360 1201 primam
387 1128 622 1201 impatientiam,
650 1145 710 1185 non
733 1127 812 1186 hunc
834 1127 967 1186 consulis
988 1123 1181 1188 timorem?n

134 1215 169 1272 de
188 1215 271 1273 nullo
290 1214 352 1274 filio
375 1216 473 1274 minus
492 1214 579 1274 debet
603 1216 658 1274 soli
677 1215 734 1275 sibi
756 1217 929 1292 permittere
952 1218 1042 1292 pater
1059 1233 1148 1291 qnam

136 1305 188 1378 qui
210 1303 329 1362 videtur
352 1306 456 1378 utique
479 1305 649 1363 moriturus.

82 1394 118 1449 12
202 1386 355 1466 ‘Fratres',
381 1393 493 1469 inquit,
518 1388 560 1452 ‘et
587 1394 698 1471 gemini
726 1396 824 1468 erant,
855 1393 982 1469 ideoque
1010 1392 1149 1454 credibile

135 1483 192 1554 est,
219 1481 280 1539 illis
308 1481 432 1540 eundem
459 1482 551 1541 hrisse
578 1478 772 1560 languorem'.
818 1500 905 1560 rogo,
934 1482 1001 1558 quis
1028 1483 1061 1541 in
1088 1482 1150 1541 ullo

134 1571 306 1628 mortalium
338 1570 416 1628 ferat
450 1571 652 1648 ignorantiam
682 1573 797 1647 pariter
828 1574 858 1631 et
891 1568 1148 1631 adfirmationem?
1161 1591 1184 1633 ιι

136 1658 269 1734 quisquis
292 1661 386 1718 nescit
411 1659 490 1734 quud
513 1677 605 1737 genus
627 1661 779 1738 languoris
802 1663 851 1735 sit,
874 1679 934 1720 non
956 1663 1059 1736 potest
1075 1662 1149 1720 scire

135 1766 172 1806 an
196 1747 275 1806 idem
298 1750 344 1806 sit.
390 1749 475 1823 nihil,
497 1749 618 1823 iudices,
640 1751 672 1807 in
695 1749 783 1809 rebus
806 1749 945 1808 humanis
967 1750 1066 1808 voluit
1088 1767 1149 1809 esse

134 1856 233 1895 rerum
255 1839 363 1895 natura
386 1839 449 1896 tam
473 1838 569 1897 simile
589 1838 667 1912 quod
689 1858 749 1897 nun
773 1839 875 1914 aliqua
897 1839 1083 1914 proprietate
1106 1856 1149 1898 se·

135 1929 275 1985 cemoret.
322 1926 392 2001 quid
422 1927 527 2001 refert,
557 1946 596 1986 an
626 1947 660 1985 cx
689 1928 783 1987 isdem
812 1929 910 2003 prima
938 1927 994 1986 illa
1024 1927 1150 1987 duorum

135 2034 293 2090 corporum
317 2017 541 2090 animorumque
565 2035 708 2093 compago
731 2017 892 2075 seminibus
915 2015 1053 2076 oriatur?
1093 2017 1186 2077 sibiae

136 2105 261 2179 quisque
279 2103 423 2179 firmatur,
447 2105 504 2164 sibi
523 2106 648 2181 quisque
667 2107 863 2182 componitur,
886 2108 917 2164 et
935 2106 993 2164 duo
1012 2107 1151 2183 pluresve

135 2195 242 2252 fratres
260 2196 423 2252 nascuntur
445 2194 509 2252 fato
532 2195 725 2272 singulorum.
762 2195 838 2254 hanc
860 2196 958 2270 ipsam
979 2194 1150 2254 indifferen-

134 2284 210 2341 tiam
234 2302 323 2358 qucm
346 2285 494 2341 mirantur
516 2300 662 2358 occursus,
685 2285 809 2359 stupent
831 2283 963 2343 civitatis
987 2285 1077 2359 oculi,
1099 2304 1151 2360 pa·

135 2375 252 2431 rentum
274 2375 375 2431 tamen
400 2372 513 2448 agnitio
537 2372 678 2446 dinoscit,
706 2374 828 2448 separat
854 2372 964 2431 notitia
988 2374 1149 2447 nutricum,

136 2464 166 2520 et
188 2461 361 2520 fallentibus
384 2463 463 2520 notis
486 2463 531 2520 est
552 2480 654 2520 rursus
678 2461 758 2536 quod
780 2460 873 2520 faciat
894 2460 960 2536 ipsa
983 2461 1186 2521 similitudem

136 2549 286 2609 dissimile.
332 2552 364 2607 in
387 2551 545 2625 plerisque,
571 2552 707 2625 quamvis
730 2551 770 2610 sit
792 2549 953 2610 indiscreta
975 2550 1085 2625 facies,
1106 2552 1150 2609 in-

136 2641 255 2697 venitur
277 2641 377 2697 tamen
402 2640 477 2698 alius
501 2639 560 2698 oris
584 2658 685 2715 sonus,
708 2639 843 2715 habitus,
865 2640 1008 2713 incessus,
1033 2640 1095 2714 sed,
1117 2642 1151 2698 nt

135 2730 201 2803 ipsa
229 2728 428 2803 consentiant,
457 2729 574 2787 diversa
602 2748 697 2803 mens,
725 2730 867 2788 contrarii
893 2745 989 2787 mores
1016 2731 1047 2788 et
1070 2730 1151 2788 vitae

137 2836 245 2893 genera
276 2817 414 2878 rixantia.
461 2817 532 2893 quid
563 2817 642 2893 quod
673 2837 733 2876 non
764 2817 887 2876 eandem
916 2835 979 2876 esse
1008 2821 1150 2878 naturam

208 3039 322 3093 2iubes
341 3048 392 3092 BV
460 3040 632 3094 liacultate
650 3049 684 3106 B,
707 3039 883 3095 facilitates
954 3039 1151 3110 desperantes:

136 3115 164 3166 te
183 3113 215 3164 ia
229 3129 283 3166 rus.
303 3120 331 3164 B
420 3117 434 3163 7
455 3111 628 3165 severissime
646 3113 738 3166 Desa:
762 3111 786 3165 si
804 3127 849 3165 me
868 3133 903 3180 a,
922 3111 1045 3181 pessim0
1064 3123 1081 3164 r

138 3189 168 3237 11
188 3185 270 3252 pater
288 3199 338 3237 om.
354 3191 388 3249 B,
407 3193 515 3251 supra
599 3198 684 3250 quam
703 3185 832 3238 emiorum
849 3200 925 3253 capr.
944 3191 966 3234 V
1054 3187 1088 3236 1³
1108 3199 1154 3251 ιιι-

137 3254 271 3309 credibile
294 3264 315 3306 v
384 3259 417 3307 19
435 3253 545 3308 hisdem
564 3262 623 3306 ΒΜ
688 3260 720 3307 21
740 3253 878 3308 formatur
895 3253 954 3309 see.
1019 3259 1055 3307 22
1072 3252 1152 3309 facto

136 3335 194 3379 lm
281 3332 315 3379 24
339 3325 512 3380 diruentes
535 3324 803 3395 dinoscat(ras.)fl
892 3330 925 3378 25
948 3323 998 3395 qui
1016 3333 1050 3391 P,
1074 3328 1150 3394 quod

136 3415 258 3522 {lphis
276 3478 304 3522 ι
335 3396 644 3523 apppepffin,
667 3396 712 3520 Ἕέ
731 3396 865 3520 imit
880 3395 1026 3536 litt·
1039 3417 1079 3520 :5
1093 3467 1155 3522 aa

430 3510 436 3521 ·
605 3511 610 3521 ·
948 3506 954 3519 ·
1063 3509 1071 3535 ι

132 3540 278 3596 Francius
350 3545 384 3594 29
402 3557 471 3595 non:
490 3540 577 3594 etiam
597 3549 630 3607 1²,
650 3539 701 3592 del.
720 3544 745 3592 et
762 3539 793 3592 ιἰι
810 3555 896 3608 cram.
916 3535 981 3625 add
998 3553 1057 3592 non
1071 3559 1095 3601 ρ
