2408 3840
134 160 197 224 158
444 158 574 213 GEMINI
592 156 836 212 LANGVENTES

133 329 244 388 solacia
262 329 322 387 sint
340 328 376 388 de
394 328 496 387 liberis
509 319 589 404 'quos
611 327 669 386 tibi
687 326 798 385 videris
820 344 881 385 non
903 325 1071 402 perdidisse
1092 327 1150 386 nisi

133 419 204 476 fato.
252 419 316 492 quis
346 437 380 476 ex
411 416 585 493 parentibus
612 418 720 491 nescit,
751 418 784 475 in
811 416 868 474 hac
895 433 927 475 se
954 416 1149 475 mortalitatis

132 525 287 583 procreare
310 504 396 584 lege?
442 506 493 565 sed
515 505 632 583 indigni
655 507 751 564 exitus
770 523 862 581 supra
886 505 1048 563 orbitatem
1072 507 1148 563 sunt

132 596 199 654 ideo
229 598 326 673 magis
348 596 452 654 flemus
479 595 547 653 illos
572 611 645 669 quos
667 593 749 653 bella
774 594 953 670 rapuerunt,
979 592 1085 653 hausit
1105 593 1149 651 in-

133 685 278 759 cendium,
301 685 460 761 naufragia
477 685 650 742 merserunt.
682 684 790 742 fortius
813 683 892 742 feras
915 683 995 741 inter
1013 681 1148 742 adsiden-
1171 701 1182 742 s

133 777 210 833 tium
227 793 342 848 manus,
365 776 453 832 inter
462 790 584 832 suorum
601 771 699 830 officia
718 772 860 846 labentes,
884 790 952 831 cum
970 789 1003 830 se
1021 772 1148 831 invicem

133 864 248 937 oscula,
277 881 349 921 cum·
371 881 401 922 se
425 864 572 921 satiavere
600 879 762 934 sermones,
790 878 857 918 oum
880 853 981 939 [data]
1011 879 1149 936 suprema

133 954 275 1011 mandata
303 953 385 1026 sunt,
413 954 443 1010 et
470 969 501 1009 se
529 952 586 1009 scit
612 952 709 1026 pietas
738 951 839 1008 omnia
866 949 970 1008 fecisse
996 968 1053 1026 pro
1076 951 1146 1008 rita.

133 1044 227 1119 igitur
249 1060 353 1099 verum
376 1039 502 1099 dixerim
524 1039 592 1098 illos
616 1041 693 1097 mori
716 1039 870 1112 credimus,
893 1038 948 1096 hos
969 1038 1077 1114 perire.

81 1131 119 1188 14
200 1130 267 1188 Non
300 1129 432 1204 invenio,
465 1128 714 1204 quemadmodum
744 1127 964 1186 excusationem
995 1129 1084 1203 pater
1112 1125 1147 1185 de
1159 1146 1181 1187 ro

134 1237 276 1277 consensu
299 1219 394 1295 possit
413 1220 545 1293 accipere
567 1216 756 1276 medicorum.
792 1217 849 1295 hoc
868 1217 913 1275 eet
932 1215 1013 1292 quod
1032 1235 1148 1276 omnem

133 1309 385 1382 comparationem
398 1306 528 1366 feritatis
543 1305 663 1365 excedit.
697 1305 805 1365 occidit
817 1304 913 1364 filium
926 1307 1015 1381 pater
1028 1307 1149 1380 propter

132 1397 282 1455 hominem
298 1415 386 1471 quem
403 1415 462 1454 non
481 1395 601 1471 putavit
618 1412 705 1470 posse
726 1396 833 1453 sanari.
872 1393 952 1470 quod
969 1396 1005 1452 tu
1023 1392 1148 1454 monstri

132 1485 323 1561 portentique
355 1504 446 1563 genus
474 1485 517 1544 es!
563 1483 653 1543 habes
684 1483 840 1559 parricidii
866 1483 1060 1559 patientiam,
1088 1502 1147 1542 non

132 1574 223 1632 habes
252 1574 396 1633 orbitatis.
442 1575 486 1632 ita
514 1573 632 1631 demum
658 1575 744 1648 potes
771 1573 849 1631 ferre
875 1571 931 1629 filii
953 1574 1095 1647 mortem,
1122 1571 1182 1631 siis

133 1663 249 1722 facinus
282 1663 430 1722 adieceris.
475 1665 510 1721 tu
543 1662 665 1735 accidie,
703 1663 774 1737 quia
806 1661 999 1737 desperavere
1032 1661 1145 1720 medici

134 1771 271 1827 quererer
288 1752 478 1825 mehercules,
498 1753 523 1809 si
540 1751 720 1826 reliquisses,
734 1751 760 1810 si
779 1750 851 1826 quid
869 1749 905 1809 de
924 1751 1147 1809 continuatione

134 1861 220 1900 curae
240 1840 408 1899 sollicitudo
431 1841 568 1899 laxasset.
604 1840 681 1898 nihil
700 1857 770 1917 ergo
789 1840 858 1915 plus
877 1839 969 1898 facies
988 1857 1080 1914 quam
1102 1838 1148 1897 illi

135 1932 186 2005 qui
207 1947 285 1987 nunc
307 1930 406 2005 plures
426 1931 608 1988 circumeunt
626 1929 762 1988 fortassis
781 1946 895 2006 aegros,
913 1945 987 2004 quoe
1007 1927 1147 2003 cesam,

134 2037 207 2094 quos
227 2021 333 2077 avocat
352 2019 412 2076 alia
431 2019 554 2076 curatio.
588 2017 666 2076 filios
685 2018 792 2077 saltem
811 2016 963 2077 committe
980 2018 1031 2076 vel
1048 2018 1145 2077 matri
1159 2035 1183 2076 ss

133 2109 170 2167 de
197 2109 318 2166 fortuna
346 2110 496 2183 queratur,
523 2105 580 2164 diis
607 2106 701 2166 faciat
724 2106 877 2165 invidiam.
922 2106 1044 2165 mulieri
1072 2125 1147 2183 quae

134 2198 209 2256 ferre
232 2216 291 2256 non
314 2199 413 2272 potest
432 2195 511 2271 quod
528 2195 639 2254 rideris
657 2195 836 2271 desperasse,
858 2213 1013 2270 nunquam
1036 2214 1072 2254 ex
1091 2197 1147 2254 hoc

132 2287 279 2347 rationem
301 2285 406 2345 reddas
431 2284 510 2360 quod
534 2284 683 2343 occideris.

200 2374 271 2444 Quis
294 2375 384 2449 hanc,
407 2374 528 2447 iudices,
550 2373 757 2450 inpudentiam
779 2371 877 2432 ferat?
899 2374 1031 2448 temptat
1052 2375 1146 2449 pater,

133 2475 167 2522 ut
190 2467 220 2523 et
241 2464 310 2523 huic
333 2466 376 2522 rei
400 2462 526 2522 credatis
547 2463 627 2538 quod
649 2462 870 2538 desperaverint
893 2479 994 2520 omnes
1018 2464 1050 2521 et
1068 2461 1182 2538 quoda

133 2555 265 2628 speravit
287 2571 371 2611 unus.
417 2555 535 2611 nostrae
560 2552 679 2627 quidem
703 2551 838 2626 querelae
862 2549 973 2610 sufficit
995 2569 1057 2609 non
1079 2570 1147 2610 con·

132 2644 247 2701 venisse
274 2642 409 2715 medicis,
437 2645 467 2700 et
495 2660 563 2700 cum
589 2642 728 2700 inventus
756 2642 796 2699 sit
819 2638 871 2715 qui
898 2641 1002 2698 contra
1029 2658 1147 2700 sensum

133 2731 354 2806 desperantium
384 2749 475 2808 genus
504 2729 625 2805 aliquod
656 2729 795 2789 sanitatis
823 2729 965 2802 adferret,
998 2727 1046 2788 fas
1074 2731 1147 2804 erat,

132 2820 256 2893 iudiceS,
284 2822 318 2878 ut
346 2820 441 2878 adhuc
468 2820 651 2880 inveniretur
679 2818 754 2876 alius
778 2820 830 2894 qui
857 2818 996 2890 laetiora,
1025 2818 1148 2876 utiliora

205 2955 294 3008 lnisi
313 2970 346 3007 ex
365 2953 425 3007 fato
448 2964 469 3005 V
533 2953 641 3009 ahane
660 2962 682 3004 V
747 2951 874 3022 elegam
892 2972 911 3003 α
974 2950 1105 3022 diriter}
1120 2960 1149 3004 Ι

134 3031 165 3079 11
185 3026 293 3096 ροεξεῆ
311 3034 339 3078 Β
392 3031 425 3078 12
445 3025 550 3078 oceidit
567 3030 630 3078 crate
644 3039 728 3093 quem
742 3036 769 3090 ρς
784 3028 849 3092 pest
862 3020 955 3075 sanari
970 3033 998 3087 ες
1016 3039 1069 3077 om.
1080 3035 1147 3088 αγσς

132 3139 236 3202 consp.
251 3134 330 3187 Desa.
341 3150 370 3201 p.
381 3136 418 3186 78
464 3137 497 3184 13
517 3111 729 3238 quen¹11⁰t¹ptavit
746 3139 768 3182 V
818 3136 851 3183 14
870 3128 1051 3199 portentique
1064 3146 1116 3185 om.
1130 3138 1152 3181 1·

134 3246 167 3294 15
190 3242 285 3309 potest
302 3248 330 3292 B
406 3244 439 3292 16
464 3238 682 3306 desperaverunt
698 3246 720 3289 V
790 3241 822 3290 19
841 3235 968 3291 fortassis
987 3251 1039 3290 ora.
1058 3245 1081 3288 V

133 3310 266 3365 distrahit
287 3320 309 3362 V
377 3315 411 3363 20
431 3309 550 3363 advocat
568 3321 588 3361 o
645 3308 756 3362 saltem:
778 3324 822 3363 em
840 3309 872 3362 ire
889 3324 943 3362 ras.
958 3315 998 3373 ⁸3
1017 3305 1149 3371 saltim

134 3389 166 3436 21
186 3385 319 3465 queratur
332 3390 371 3448 fl,
385 3381 514 3449 quiratur
529 3390 555 3433 Ρ
608 3384 641 3433 24
659 3379 767 3433 iudices
781 3396 831 3435 cm.
846 3388 867 3431 V
917 3382 950 3431 2⁶
966 3380 1000 3431 ut
1013 3394 1064 3433 om.
1075 3389 1097 3431 c

133 3472 350 3540 desperaverunt
369 3482 404 3534 sc
465 3475 498 3523 26
518 3468 658 3536 querellae
677 3477 718 3532 us
782 3473 815 3522 28
835 3467 927 3521 adfert
944 3475 972 3519 fl
1035 3471 1070 3521 29
1087 3466 1148 3521 lae-

131 3542 204 3597 tiora
223 3545 252 3597 et
269 3540 385 3596 utiliora
404 3552 432 3611 σς
451 3540 469 3595 l.
490 3542 539 3596 aut
557 3558 583 3595 u.
602 3541 681 3595 Dese.
