2408 3840
440 825 744 900 PRAEFATIO.

541 1005 648 1012 *-

152 1113 392 1173 Declamationes
415 1113 486 1171 XIX
509 1114 605 1173 altero
628 1135 657 1190 p.
677 1113 744 1172 chr.
763 1135 802 1188 n,
825 1116 860 1172 ut
882 1114 1014 1190 videtur,
1040 1133 1103 1173 sae-

85 1203 151 1260 culo
188 1206 303 1261 exortas
337 1202 397 1261 iam
434 1207 540 1279 quarto
577 1203 695 1263 saeculo
730 1206 891 1264 exornatas
925 1202 1104 1273 Quintiliani

83 1293 204 1350 nomine
234 1311 297 1350 esse
327 1291 531 1367 circumlatas,
561 1312 621 1369 quo
648 1293 744 1370 magis
775 1311 824 1352 eas
854 1293 985 1370 legentes
1014 1313 1104 1369 appe-

84 1383 184 1439 terent
206 1383 297 1456 atque
322 1380 501 1457 arriperent,
528 1381 673 1457 probatur
700 1382 773 1440 locis
798 1381 976 1457 quibusdam
999 1401 1018 1439 a
1040 1381 1104 1439 Fir-

83 1470 162 1528 mico
184 1469 329 1546 Materno,
351 1470 545 1546 Hieronymo,
570 1471 673 1530 Servio
696 1473 750 1529 aut
772 1470 902 1530 laudatis
927 1473 982 1529 aut
1004 1470 1103 1530 imita-

83 1560 166 1617 tione
189 1552 370 1639 expressis¹)
418 1578 476 1636 quc
504 1560 619 1619 factum
648 1562 706 1635 est,
734 1562 769 1618 ut
796 1562 827 1618 et
850 1559 1006 1636 splendore
1034 1559 1105 1618 falsi

84 1648 167 1705 illius
189 1648 318 1706 nominis
341 1648 477 1723 perducti
505 1651 535 1708 et
558 1649 657 1726 gratia
686 1668 745 1724 qua
774 1648 815 1708 eis
846 1668 965 1725 quoque
990 1651 1104 1723 tempo-

83 1736 167 1794 ribus
203 1737 433 1797 declamationes
465 1738 623 1813 florebant,
657 1738 797 1797 commoti
827 1737 872 1796 illi
904 1738 963 1797 riri
991 1737 1043 1813 qui
1070 1735 1103 1806 Q.

85 1825 209 1883 Aurelio
234 1824 411 1901 Symmacho
435 1828 466 1885 et
493 1826 578 1886 Virio
602 1827 783 1886 Nicomacho
806 1827 952 1886 Flaviano
981 1825 1105 1886 ducibus

85 1916 192 1990 quarto
215 1935 244 1990 p.
264 1911 330 1973 chr.
350 1935 378 1972 n.
403 1917 535 1992 saeculo,
563 1918 599 1974 ut
622 1918 778 1992 antiquam
805 1916 981 1994 religionem
1004 1916 1104 1974 defen·

85 2003 190 2061 dorent
209 2004 408 2080 antiquosque
426 2024 523 2064 mores
542 2008 752 2064 conservarent
775 2008 805 2064 et
822 2008 978 2064 tuerentur
1001 2007 1105 2064 contra

85 2111 195 2151 novam
209 2091 447 2152 Christianorum
466 2095 641 2170 doctrinam,
659 2095 862 2154 Romanorum
877 2113 994 2170 quoque
1013 2094 1105 2169 scrip-

84 2185 185 2240 torum
209 2199 299 2256 opera
318 2200 336 2239 a
355 2184 593 2259 corruptelarum
611 2183 747 2242 sordibus
770 2203 899 2261 purgare
918 2183 1106 2256 studuerunt,

85 2289 144 2345 quo
179 2270 275 2347 magis
310 2274 440 2348 genuina
473 2272 571 2331 forma
604 2275 781 2349 recuperata
816 2274 871 2347 qui
903 2272 1037 2349 legerent
1067 2271 1105 2329 ad

85 2359 243 2435 pristinam
277 2362 421 2419 virtutem
462 2365 673 2420 revocarentur
712 2364 804 2437 atque
838 2360 1105 2432 inflammarentur,

85 2449 177 2506 etiam
207 2448 473 2508 declamationibus
506 2470 628 2526 operam
659 2453 812 2509 navarent.
860 2450 892 2508 id
924 2450 1004 2525 quod
1037 2467 1106 2506 con-

84 2537 221 2595 firmatur
235 2537 502 2614 subscriptionibus
520 2538 552 2597 in
566 2539 717 2598 codicibus
735 2543 804 2615 post
821 2539 892 2598 decl.
907 2539 935 2595 X
954 2540 985 2596 et
1002 2537 1105 2596 XVIII

85 2627 211 2686 servatis
218 2617 244 2708 ²)
268 2628 378 2702 quibus
401 2627 558 2686 edocemur
575 2629 744 2688 Domitium
764 2628 962 2687 Dracontium
986 2631 1016 2685 et
1034 2626 1105 2684 Hie·

84 2717 164 2773 rium
197 2715 427 2776 declamationes
459 2719 490 2775 in
507 2719 623 2799 ⁴schola
655 2718 714 2776 fori
741 2717 863 2776 Traiani
896 2707 1105 2797 emendassel)

83 2804 275 2880 perspicuum
298 2808 399 2864 autem
422 2809 467 2864 est
490 2806 604 2866 codices
633 2806 741 2881 quibus
764 2806 820 2865 illa
843 2805 1022 2881 subscriptio
1045 2807 1106 2863 tra·

83 2893 179 2967 ditur,
208 2913 243 2951 ex
267 2895 426 2970 exemplari
451 2895 582 2971 quodam
609 2896 729 2954 fluxisse
757 2900 835 2970 quod
857 2894 911 2953 illa
934 2893 1105 2953 recensione

82 2982 182 3040 Hierii
213 2985 243 3040 et
272 2982 428 3042 Dracontii
458 2985 545 3059 quasi
576 2985 770 3044 fundamento
800 2983 966 3058 nitebatur,
995 2986 1040 3043 ita
1070 2987 1105 3041 ut

157 3172 184 3240 1)
203 3169 239 3224 ef.
254 3170 291 3224 ad
311 3176 334 3235 1,
350 3176 373 3224 3.
395 3175 419 3238 3,
436 3175 476 3224 13.
492 3177 517 3239 4,
534 3177 575 3224 11.
595 3176 677 3238 4,13.
694 3177 719 3238 c,
736 3176 776 3224 13.
798 3177 840 3238 ra,
855 3176 897 3224 33.
915 3175 947 3222 13
962 3170 1006 3223 tic.
1023 3176 1065 3236 13,
1080 3175 1106 3222 a.

83 3249 126 3311 η’
143 3247 185 3376 Idi
202 3312 237 3366 cf.
251 3330 279 3382 p.
295 3318 346 3366 noe
366 3315 395 3367 ea
414 3318 473 3368 333.

156 3388 183 3453 8)
203 3384 237 3439 cf.
252 3384 323 3438 Mus.
339 3383 427 3438 Rhen.
443 3387 592 3458 61)(1905),
611 3404 639 3459 p.
656 3392 718 3445 154.
