2408 3840
381 153 615 209 DIIOIAIIAIIO
634 154 724 209 IIIIIII
738 160 833 211 e-rr.
1050 155 1115 220 329

99 325 165 383 tam
183 323 312 383 nefarios
330 324 440 383 metusl
476 343 568 400 prope
592 325 637 383 est
660 324 698 382 ab
720 326 834 383 incesto
857 325 971 399 timere,
994 344 1031 383 nc
1053 323 1115 384 fiat.

99 413 182 473 malo
213 413 437 488 simplieitatem
469 432 546 490 quae
577 433 637 472 non
664 416 803 473 vereatur
833 415 1003 488 infamiam,
1034 414 1114 473 malo

99 501 197 564 nudos
215 501 349 562 adfectus
367 503 624 578 inconsultamque
642 503 793 578 pietatem.
830 504 908 561 nihil
926 503 962 561 de
980 521 1011 561 se
1034 503 1116 582 fingi,

99 591 183 652 nIIII
206 591 328 650 credant
356 609 442 667 posse
469 592 594 651 narrari.
638 593 741 650 teneat
767 592 993 666 insatiabiliter,
1021 593 1115 668 avide,

72 679 181 740 stanti
208 681 289 739 fama
316 700 376 739 non
403 682 461 756 est,
493 682 527 738 ut
554 683 634 739 amet
663 681 760 738 filium
785 683 883 740 mater
914 681 1115 741 sollicitudine

99 769 236 846 pudicae.
281 788 330 827 me
358 769 490 844 quidem,
517 771 639 843 marite,
667 771 693 828 si
720 771 787 845 quis
809 771 992 847 interroget,
1015 789 1116 830 omnes

98 861 212 918 matres
231 857 340 917 liberos
360 876 436 933 suos,
454 860 610 933 tamquam
628 859 842 934 adamaverint,
859 861 970 918 amant.
1002 859 1116 920 videbis

100 948 202 1007 oculos
224 965 377 1022 nunquam
400 966 418 1005 a
441 947 517 1006 facie
535 949 681 1023 vultuque
704 948 866 1023 deflectere,
890 966 1003 1007 comere
1026 951 1117 1024 caput

101 1036 298 1112 habitumque
317 1055 500 1111 componere,
523 1039 681 1112 suspirare,
704 1056 771 1096 cum
789 1039 950 1112 recesserit,
976 1039 1117 1112 exultare,

58 1144 87 1189 ro
102 1144 170 1185 cum
200 1126 327 1200 venerit,
360 1143 510 1184 conserere
541 1145 660 1200 manus,
691 1126 820 1203 pendere
850 1127 1026 1200 cervicibus,
1058 1146 1117 1186 non

101 1214 226 1288 osculis,
248 1234 307 1273 non
332 1214 509 1290 conloquiis,
532 1234 592 1274 non
614 1217 800 1290 praesentiae
823 1217 979 1291 voluptate
1003 1217 1116 1275 satiari.

99 1304 158 1362 hoe
186 1305 231 1363 est
260 1322 330 1382 ergo
353 1298 427 1381 (in)
455 1306 519 1363 tam
546 1303 675 1362 nefanda
702 1305 870 1379 suspicione
898 1304 1116 1365 saevissimum:

100 1393 249 1452 incestum
267 1413 326 1453 non
345 1395 444 1468 potest
461 1393 543 1470 fingi,
562 1395 622 1453 nisi
639 1393 675 1452 de
695 1395 809 1469 optima
820 1397 931 1453 matre.
966 1413 1118 1454 execrarer

100 1482 291 1556 mehercules,
313 1482 435 1556 iudices,
458 1483 484 1540 si
507 1482 618 1541 crimen
639 1483 722 1542 istud
744 1483 853 1542 elarius
877 1483 1033 1542 obiecisset
1054 1483 1117 1542 filio

58 1590 87 1632 rs
100 1572 196 1647 pater,
225 1571 251 1630 si
273 1588 369 1646 usque
392 1571 430 1629 ad
453 1571 611 1630 verborum
637 1572 828 1647 processisset
853 1573 1022 1631 amentiam.
1067 1592 1116 1631 ne-

100 1660 177 1718 mini
209 1661 308 1718 minus
340 1661 386 1718 fas
414 1678 476 1720 esse
501 1660 587 1719 debet
614 1661 732 1720 credere
763 1662 920 1736 incestum,
949 1681 1039 1738 quarn
1067 1664 1118 1738 qui

99 1751 223 1825 propter
244 1748 320 1807 illud
342 1751 465 1824 paratus
488 1752 533 1808 est
554 1748 649 1808 filium
672 1750 812 1808 occidere.

170 1835 269 1906 Quid?
293 1837 372 1913 quod
395 1856 455 1896 non
478 1839 572 1898 credis
595 1841 723 1913 tantum,
746 1839 882 1914 nefande,
905 1840 956 1899 sed
979 1839 1118 1916 quaeris?
1133 1840 1169 1896 ll

102 1928 149 1984 ita
167 1929 203 1984 tn
220 1946 280 1986 non
298 1929 385 1986 times
404 1929 530 1986 monstri
547 1928 635 1987 huius
654 1928 769 2005 agitare
788 1927 954 1988 secretum?
989 1932 1117 2005 populus

61 2016 238 2092 reloquitur
265 2017 425 2090 incestum,
457 2016 508 2075 sed
535 2019 568 2074 tu
596 2036 679 2094 nega.
726 2019 833 2076 civitas
859 2019 999 2091 infamat,
1031 2021 1117 2078 tanto

102 2106 199 2182 magis
229 2106 361 2163 osculare
394 2105 514 2164 unicum
546 2108 576 2164 ct
608 2107 763 2184 coniugem
795 2110 877 2181 tene,
904 2109 1017 2183 pariter
1044 2108 1118 2166 duos

103 2195 183 2252 circa
205 2196 291 2252 tuum
314 2195 427 2271 stringe
450 2195 642 2269 complexum.
688 2214 743 2271 pro
766 2196 903 2254 inaudita
929 2196 1046 2255 feritasl
1073 2196 1117 2255 ita

100 2284 184 2359 patri
206 2302 266 2342 non
289 2282 398 2342 sufficit
420 2302 480 2341 non
503 2284 620 2343 credere
648 2285 806 2358 incestum,
831 2285 909 2359 quod
932 2303 992 2343 non
1018 2287 1118 2360 potest

101 2369 251 2448 probare?
291 2373 399 2431 ferrem
421 2375 523 2431 tamen
546 2373 642 2432 adhuc
665 2375 846 2450 suspiciones
869 2376 945 2448 tuas,
968 2373 1117 2433 nefandis-

61 2482 89 2523 rs
103 2462 177 2520 sime
198 2479 293 2535 senex,
317 2462 343 2518 si
361 2461 583 2521 dissimulanter
600 2462 711 2538 indicia
730 2464 809 2522 tanti
827 2463 945 2522 sceleris
964 2465 1116 2540 agitasses.

103 2549 227 2609 observa
246 2568 403 2624 sermones,
422 2554 535 2610 secreta
549 2551 673 2626 custodi,
688 2553 821 2611 omnium
839 2551 954 2610 dierum
971 2554 1117 2612 noctium-

103 2657 160 2714 que
197 2639 356 2698 momentis
392 2659 483 2716 sagax
515 2643 664 2700 scrutator
694 2642 807 2701 insiste.
859 2641 931 2717 quid
961 2642 1019 2700 tibi
1050 2661 1117 2701 oum

102 2726 259 2802 abruptis?
274 2729 428 2804 quiricum
443 2727 609 2804 supremis?
640 2731 787 2789 incestum
801 2732 863 2788 iam
877 2730 977 2790 credas
992 2733 1118 2806 oportet,

176 2915 317 2969 lineerto
335 2925 364 2968 Β
426 2916 590 2970 ἳνὶἀθαῒιιτ
607 2926 629 2969 V
689 2917 815 2971 3nudus
833 2927 886 2970 ΒΥ
945 2917 1120 2970 4narariM

113 3002 181 3040 corr.
196 2990 267 3056 m),
310 2989 427 3040 teneant
445 2997 476 3040 Β
546 2988 743 3042 insanabiliter
760 2998 782 3040 V
843 2988 920 3042 avidi
942 2998 964 3040 V
1031 2993 1118 3057 opu-

124 3055 220 3110 'citiae
239 3067 283 3123 Mc
355 3057 574 3127 8vultusquee
646 3075 753 3113 comere
772 3077 822 3115 om.
838 3069 871 3113 II
939 3059 1118 3128 asuspirare

100 3145 135 3183 ex
154 3144 231 3182 -care
249 3138 271 3180 V
340 3129 654 3196 110culise3corr.e
716 3131 861 3185 voluntate
879 3152 914 3197 o;
933 3147 1002 3187 corr.
1018 3142 1065 3184 sm

103 3205 137 3253 12
156 3198 186 3252 in
205 3217 256 3255 om.
271 3222 307 3266 ω;
326 3201 422 3254 adds
495 3207 527 3254 13
547 3201 685 3255 incertum
698 3212 737 3269 Β;
756 3202 949 3270 incestumque
964 3211 997 3255 Β
1011 3203 1035 3272 (e
1049 3219 1117 3258 cerr.

101 3273 134 3326 in
151 3272 176 3353 r)
193 3292 224 3324 m
288 3287 431 3325 execrarer
448 3289 482 3326 ero
500 3273 541 3326 ·et
558 3282 586 3325 Β
650 3277 682 3326 lb
702 3273 839 3341 processit
856 3283 888 3340 P,
908 3291 975 3328 corr.
988 3295 1011 3335 ρ
1070 3289 1118 3326 ne-

100 3341 172 3395 mim
189 3343 303 3450 minue}³¹
319 3342 451 3396 minimus
475 3351 496 3395 V
579 3349 613 3398 18
633 3344 756 3409 credite
840 3350 873 3398 20
895 3346 975 3413 tanto
994 3345 1073 3397 tanto
1091 3353 1120 3396 Β

100 3471 134 3520 22
156 3465 269 3521 inaudit
285 3459 348 3543 ltu
364 3470 392 3538 (a
405 3485 480 3537 supr.
496 3471 523 3538 a)
578 3472 612 3521 25
627 3467 652 3521 si
665 3485 715 3523 cm.
731 3479 759 3521 B
811 3468 921 3538 indigia
934 3478 990 3535 BV,
1009 3485 1077 3524 corr.
1091 3476 1120 3521 Β

102 3542 135 3591 27
156 3539 314 3609 scru3tatcr
333 3541 359 3610 (c
376 3540 424 3608 er.)
439 3548 471 3592 II
539 3538 669 3594 insistere
686 3548 739 3593 BV
807 3546 841 3594 ‘Ie
860 3539 1002 3608 abruptus
1022 3548 1048 3591 II
1128 3585 1130 3588 .
