2408 3840
122 147 186 211 170
227 97 249 115 ⁶·
526 145 735 201 GLADIATOR

20 348 29 363 κ
117 316 255 373 ultimam
287 315 449 390 exprimere
481 314 695 374 confessionem
722 316 796 373 vieti
827 314 932 390 utique
961 313 1125 390 placuisset,

116 403 212 462 multa
234 403 410 479 iampridem
434 405 521 481 signa
539 403 681 462 dederant
699 405 819 463 veniam
841 403 989 479 finemque
1011 419 1126 478 pugnae

116 493 253 568 petentis.
290 511 438 567 namquo
460 494 639 568 pertinuisse
660 493 805 552 oredimus
824 492 904 568 quod
927 510 1042 569 pauper
1060 489 1126 549 adu·

116 581 227 640 lesoens
259 581 371 640 relictis
404 582 540 642 omnibus
568 582 665 641 solum
692 601 739 641 me
768 601 856 658 quem
887 581 1011 655 coleret,
1043 599 1127 657 quem

117 671 239 743 amaret,
263 668 415 747 elegerat?
456 672 519 730 sine
542 671 632 729 dubio
656 689 674 729 a
696 672 800 747 primis
824 671 933 730 aetatis
956 671 1043 729 annis
1065 670 1126 726 iun·
1147 685 1155 724 s

115 761 200 818 xerat
217 778 271 818 nos
294 761 516 834 potentissimus
542 779 624 818 amor
646 760 698 818 ille
721 760 853 836 puerilis,
868 758 948 836 dum
972 759 1026 818 aut
1048 757 1127 816 nulla

116 850 201 906 erant
223 850 302 906 inter
324 850 461 924 parentes
485 849 554 907 odia
578 852 630 906 aut
649 867 667 906 a
684 850 769 908 nobis
788 867 848 907 non
870 846 1126 926 intellegebantur.

115 940 183 1012 post
207 931 385 1015 <di>duatas
410 939 512 995 tamen
534 938 636 996 domos
659 938 874 1013 perseveravit,
901 939 994 995 immo
1018 937 1127 1012 impen-

116 1028 176 1085 sius
203 1027 360 1085 laboravit.
407 1028 437 1084 et
464 1028 490 1085 si
518 1026 590 1102 quid
617 1025 691 1084 mibi
717 1028 749 1083 in
777 1045 811 1084 eo
839 1027 912 1085 satis
941 1028 1126 1102 perspectum

116 1118 173 1189 est,
200 1115 276 1172 nihil
298 1115 405 1173 horum
427 1115 499 1174 feeit
521 1117 617 1174 invito
645 1118 738 1190 patre.
785 1116 931 1191 quantum
955 1114 1155 1191 intellegerem

115 1205 213 1279 potui,
245 1222 360 1280 pauper
390 1206 453 1263 sine
481 1204 571 1263 dubio
598 1204 711 1280 pudore
741 1203 876 1277 cedendi,
906 1222 944 1261 ne
974 1203 1125 1262 damnasse

116 1311 236 1352 oausam
263 1311 347 1351 suam
374 1293 538 1368 videretur,
571 1293 660 1353 simul
690 1292 769 1369 quod
800 1293 884 1351 nulla
913 1294 973 1368 ipsi
1003 1292 1126 1350 dabatur

115 1383 230 1459 gratiae
248 1383 307 1455 via,
331 1384 409 1440 stare
428 1384 508 1441 visus
527 1383 560 1439 in
580 1383 717 1457 suscepto
736 1383 862 1440 eirouihr
880 1384 983 1440 tamen
1002 1381 1125 1457 quodam

114 1471 264 1529 molliores
288 1473 449 1546 temptavit
472 1471 571 1529 aditus
595 1473 633 1544 et,
657 1471 728 1528 dum
750 1469 836 1529 firma
858 1470 981 1529 tandem
1003 1489 1062 1545 pax
1083 1470 1124 1527 in-

77 1555 98 1611 4
116 1561 291 1634 patraretur,
319 1558 414 1617 filium
436 1559 521 1618 nobis
545 1559 677 1619 obsidem
704 1559 794 1617 dedit.
840 1577 1041 1618 aenomaus
1064 1559 1153 1633 qui-15

114 1648 180 1706 dem
208 1648 318 1706 offendi
344 1650 425 1707 visus
454 1651 499 1708 est
520 1652 616 1724 pater,
644 1651 722 1707 aerte
749 1667 903 1724 nunquam
929 1646 1123 1725 reprehendit,

114 1756 266 1811 nunquam
292 1737 459 1812 prohibuit;
486 1756 540 1796 neo
565 1738 642 1797 olam
669 1737 740 1811 feei,
768 1755 822 1795 neo
849 1738 1054 1796 oontumaoem
1077 1735 1123 1793 ad-

113 1844 214 1884 versus
242 1827 336 1901 patris
364 1827 481 1902 inperia
507 1846 650 1903 umquam
677 1827 768 1885 fuisse
796 1845 843 1884 me
866 1825 914 1885 vel
942 1828 1008 1902 ipse
1030 1844 1123 1884 rerum

114 1914 246 1973 declarat
269 1914 348 1973 ordo.
986 1972 989 1979 .

179 2005 258 2063 Nam
276 2006 412 2079 quamvis
435 2004 577 2063 infestum
599 2004 766 2064 latronibus
784 2023 865 2063 mare
883 2006 982 2062 iussus
1005 2003 1152 2062 intraviu

113 2112 208 2168 neque
226 2093 475 2154 dissimulaverim
496 2111 619 2170 magnas
642 2094 734 2153 fuisse
757 2111 860 2153 causas
884 2093 974 2169 patri,
997 2111 1051 2151 our
1072 2092 1123 2149 hoo

112 2182 188 2239 mibi
209 2183 370 2256 imperaret
392 2183 472 2259 quod
495 2184 558 2258 ipse
582 2183 678 2241 faeere
700 2202 761 2241 non
782 2184 930 2258 potuerat.
977 2200 1048 2259 ego,
1071 2181 1124 2240 etsi

113 2271 288 2345 nesciebam,
310 2289 369 2330 non
388 2272 579 2347 interrogavi.
617 2272 690 2330 satis
713 2272 803 2347 plena
824 2272 903 2328 ratio
927 2271 987 2328 fuit
1009 2271 1124 2345 patrem

113 2360 197 2418 velle.
243 2360 314 2417 felix
342 2360 548 2436 navigantium
577 2359 710 2418 eondioio
734 2361 786 2434 qui
812 2358 957 2435 proeellas
985 2358 1124 2417 modoet

113 2466 215 2507 saevos
238 2450 424 2524 tempestatis
452 2449 588 2508 incursus
612 2452 643 2507 et
666 2449 797 2507 albentes
827 2447 966 2506 fluetibus
990 2447 1124 2524 scopulos
1133 2458 1152 2502 a

113 2538 231 2612 aliaque
253 2538 386 2612 pericula
404 2540 523 2596 tantum
540 2539 630 2597 maris
653 2537 848 2613 pertulerunt,
872 2555 926 2613 ego
944 2537 1037 2596 miser
1054 2554 1124 2594 nau·

112 2626 205 2704 fragis
227 2627 346 2685 invideo
370 2630 474 2702 eaptus
497 2626 632 2685 barbaris
654 2627 792 2685 manibus
815 2643 870 2684 nea
890 2627 954 2683 tam
977 2644 1056 2684 nexu
1079 2643 1123 2684 oa·

112 2718 249 2773 tanarum
276 2716 393 2774 vinetus
419 2734 509 2791 quam
534 2716 664 2789 pondere
691 2715 870 2773 inundatum
897 2732 1047 2773 carcerem
1069 2714 1124 2773 tuli

184 2920 336 2973 adederat
359 2929 380 2971 ν
442 2920 553 2973 veniam
572 2920 644 2974 Sela:
663 2920 763 2974 veniae
781 2943 804 2972 ω
871 2919 1024 2988 finemque:
1043 2919 1124 2972 finem

112 3006 196 3059 quom
213 3000 266 3044 Βν
325 2990 542 3044 3adholesoens
564 3000 586 3043 V
645 2991 826 3046 oiunoxerat
843 3000 871 3044 Β
929 2995 1021 3044 'lnon
1039 3007 1089 3045 om.
1103 2999 1126 3042 J

112 3067 127 3115 8
147 3062 277 3116 diductas
297 3074 324 3115 s:
345 3061 443 3115 duetus
457 3071 560 3129 ΒΒβσς
581 3062 664 3116 durae
682 3071 704 3113 V
754 3069 769 3116 9
789 3066 818 3116 et
836 3062 872 3117 si:
892 3061 916 3115 ai
931 3063 962 3115 in
975 3079 1032 3118 ras.
1046 3071 1075 3115 Β

112 3133 187 3200 quod
206 3134 230 3187 ei
247 3143 272 3187 J
349 3132 505 3202 perfectum
524 3145 544 3185 o
620 3139 653 3187 10
672 3133 760 3187 inrito
779 3133 848 3188 facit
864 3133 912 3188 sed
930 3139 1035 3203 trauap⁸
1055 3142 1076 3185 V

112 3245 144 3293 11
165 3240 236 3294 eine:
257 3240 282 3293 ei
299 3249 327 3293 Β
406 3245 437 3293 13
457 3239 581 3307 quodam
600 3251 629 3293 o:
654 3241 790 3308 quosdam
808 3262 827 3293 α
845 3222 979 3309 (quddam
997 3241 1055 3309 ν)β

112 3316 145 3363 14
167 3312 283 3365 tandem
301 3328 334 3365 ex
351 3310 439 3364 tanda
458 3319 486 3363 Β
557 3317 588 3364 17
612 3311 728 3379 prebuit
745 3320 773 3364 Β
842 3312 911 3365 fecit
928 3321 957 3365 Β
1028 3316 1062 3364 20
1083 3311 1123 3364 in·

110 3380 216 3435 fectum
233 3392 263 3449 J,
282 3394 376 3438 eorus
448 3388 482 3435 22
501 3383 614 3451 poterat
635 3391 657 3434 ν
725 3388 759 3435 24
777 3382 873 3453 felix}
880 3383 1078 3452 navigantium
1096 3390 1127 3434 Β

112 3459 144 3506 26
169 3453 293 3521 aliaque:
320 3453 377 3507 alia
396 3466 416 3506 u·
479 3453 667 3522 pertulerunt:
686 3453 784 3506 -tuler-
802 3456 834 3508 in
851 3471 906 3509 raa.
920 3463 949 3507 Β
1016 3459 1050 3509 27
1072 3468 1123 3507 neo

110 3525 181 3577 tam:
199 3528 306 3579 rectam
320 3534 348 3578 Β
400 3534 646 3592 nexus13neoou
660 3535 697 3590 Β,
713 3540 781 3579 corr.
796 3535 818 3578 Β
872 3524 1056 3579 cathenarum
1072 3534 1126 3589 rao
