2408 3840
346 151 581 207 DECLAMATIO
600 151 664 206 XIX
679 158 792 206 12-14.
1008 150 1073 215 349

56 325 91 382 et
113 338 221 397 passus
243 339 310 380 sum
332 320 446 397 pariter
473 324 503 380 et
527 322 592 381 feci.
638 340 699 380 non
725 320 853 380 vacabat
876 340 961 381 aures
988 339 1074 395 prae·

57 414 140 470 stare
168 410 278 483 verbm,
306 411 440 486 excipere
467 412 607 488 gemitus,
637 411 794 469 aestimare
817 409 979 486 singultus,
1004 429 1075 468 avo-

58 499 141 559 cavit
169 519 217 557 me
247 499 412 573 contentio,
442 499 538 576 dolor,
575 500 699 575 orbitas,
729 498 936 575 parricidium:
974 498 1075 557 omnia

58 590 141 648 facta
171 589 242 646 sunt
271 588 461 648 festinatione
490 588 655 665 praecipiti.
704 588 783 646 idem
814 587 909 664 patris
940 587 1074 646 adfectus

30 680 105 740 aest
128 680 334 752 torquerent
357 678 441 751 scias,
465 678 605 752 occidere,
629 680 665 736 ut
686 678 809 736 nescias.

128 761 175 824 ‘In
193 761 311 841 meam',
334 766 442 842 inquit,
462 761 629 825 ‘infamiam
646 762 749 826 taces'.
785 767 830 825 ita
848 783 928 823 nuno
945 763 1075 840 primum

58 855 178 914 laboras
200 855 309 913 misera
332 856 368 913 de
390 856 484 930 fama,
515 859 635 932 etpost
664 855 746 914 unici
773 857 900 913 mortem
925 853 1073 928 pertinere

59 944 98 1003 ad
121 947 151 1002 te
175 944 273 1019 coepit
297 944 370 1020 quid
397 944 560 1019 loquantur
586 943 741 1003 homines?
785 944 899 1002 scilicet
925 942 1005 1000 filius
1028 942 1074 999 in-
1158 993 1161 997 .

58 1051 170 1110 pensus
192 1036 245 1106 est,
267 1035 302 1091 ut
324 1033 519 1108 erubesceres,
544 1035 579 1091 ut
600 1035 678 1092 male
701 1030 841 1092 audires?
886 1032 997 1090 adeone
1020 1031 1076 1090 hoo

19 1144 47 1185 ro
59 1122 195 1199 captanti
223 1141 284 1180 non
313 1124 379 1181 erat
407 1123 492 1197 satie,
522 1143 585 1180 rem
615 1125 710 1182 totam
734 1121 913 1181 commisisse
942 1118 1076 1179 rumori?

61 1230 116 1289 ego
139 1230 209 1270 vero
227 1231 274 1269 me
297 1212 395 1269 famae
413 1214 492 1285 tuae,
515 1211 631 1285 mulier,
655 1211 780 1287 opposui
804 1213 835 1270 et
852 1211 931 1269 inter
948 1212 1076 1268 matrem
1091 1206 1130 1264 14

59 1299 215 1376 filiumque
237 1299 352 1358 medius
370 1300 564 1376 parricidium
581 1301 647 1376 feci,
669 1302 793 1359 unicum
814 1299 917 1372 occidi,
939 1319 976 1357 ne
1000 1298 1074 1374 quid

62 1388 147 1447 aliud
168 1389 360 1464 loquerentur
381 1389 523 1449 homines.

128 1477 285 1554 Alioquin,
308 1477 333 1536 si
362 1479 418 1537 hoo
440 1482 528 1553 capto
555 1479 637 1554 quod
659 1481 760 1554 putas,
792 1497 946 1554 quousque
969 1475 1076 1536 taceo?

21 1589 47 1630 ιι
60 1567 93 1624 in
118 1566 198 1642 quod
226 1569 344 1642 tempus
374 1567 477 1626 differo
507 1567 592 1626 illam
620 1586 710 1643 quam
739 1587 786 1626 me
816 1569 906 1643 putas
936 1585 1077 1642 premere,

61 1653 185 1716 vocem?
227 1674 292 1714 ecce
315 1659 417 1716 reatus
438 1655 582 1715 iudicium
604 1657 775 1732 pronuntio,
799 1675 854 1734 ego
878 1658 980 1714 tamen
1004 1657 1078 1714 scire

60 1765 109 1803 me
131 1763 216 1822 nego.
258 1745 408 1822 egregiam
435 1745 582 1804 rationem
604 1745 816 1823 malignitatis:
844 1746 1000 1804 locuturus
1024 1745 1079 1804 ad-

60 1851 165 1893 versus
183 1852 304 1910 uxorem
322 1833 388 1909 feci,
405 1854 442 1892 ne
461 1835 534 1893 mihi
553 1835 729 1894 crederetur.
767 1836 865 1893 fateor
882 1835 984 1911 igitur,
1003 1833 1079 1891 nihil

61 1922 101 1982 ad
131 1924 245 1980 certum
273 1923 535 1999 indubitatumque
557 1924 695 1999 perduxi,
724 1924 779 1983 hoc
811 1926 856 1982 est
886 1924 959 1998 quin
987 1922 1079 1980 immo

21 2015 186 2088 eapropter
208 2011 289 2087 quod
318 2013 355 2070 ad
378 2015 504 2071 mortem
530 2031 625 2088 usque
650 2013 796 2072 contendi.
842 2031 902 2070 non
930 2011 1080 2086 explicant

61 2102 213 2160 tormenta
227 2101 429 2176 quaestionem
445 2120 520 2177 quae
535 2102 681 2162 occidunt.
714 2096 822 2177 ‘quid',
835 2100 944 2176 inquit,
960 2095 1077 2158 ‘dixit‘l’

61 2189 182 2249 felicem
204 2191 247 2263 te,
269 2189 390 2264 misera,
413 2191 438 2250 si
461 2193 556 2249 nescis
579 2191 652 2266 quid
676 2191 762 2250 dixit!
804 2189 849 2247 ita
872 2209 932 2248 non
955 2207 985 2247 es
1010 2208 1079 2248 con-

62 2281 148 2338 tenta
171 2278 352 2338 conscientia
373 2277 449 2339 tua?
489 2298 550 2338 non
575 2279 686 2338 sufficit
714 2279 794 2354 quod
816 2298 876 2337 non
898 2277 1005 2336 habuit
1027 2279 1079 2336 ille

64 2367 144 2443 quod
167 2369 302 2445 negaret,
333 2369 412 2444 quod
435 2367 599 2428 fateretur?
640 2370 737 2445 poscis
767 2367 859 2427 verba
888 2369 1080 2443 quaestionis,

25 2477 51 2519 re
65 2458 155 2534 cogis,
178 2459 340 2532 extorques.
382 2459 488 2532 testor,
515 2460 551 2516 tu
572 2459 659 2532 facie,
687 2477 724 2516 ne
751 2459 846 2533 possis
869 2476 978 2535 negare
1002 2455 1082 2531 quod

64 2545 174 2604 dixere.
226 2544 297 2621 quid
334 2544 429 2606 dixit?
478 2565 599 2623 parasse
636 2566 667 2605 se
702 2546 877 2622 parentibus
914 2543 1082 2606 venenum?

65 2652 165 2711 negas.
211 2633 387 2710 proditionis
416 2637 545 2713 agitasse
572 2634 740 2695 sermones?
768 2655 867 2713 negas.
912 2635 1081 2711 tyrannidis

64 2725 156 2783 inisse
179 2722 355 2782 consilium?
384 2743 483 2802 negas.
525 2728 556 2784 et
579 2725 721 2800 quicquid
748 2725 863 2798 dixero,
885 2723 1016 2802 negabis.
1063 2742 1080 2781 o

64 2812 161 2871 bonae
184 2814 380 2872 conscientiae
402 2815 524 2872 incauta
545 2815 734 2889 simplicitas!
775 2816 821 2872 ita
844 2832 904 2871 non
926 2812 1022 2887 times,
1045 2831 1082 2870 ne

25 2923 52 2964 eo
66 2904 186 2960 coactus
208 2902 292 2976 loqui
318 2903 414 2962 multa
436 2902 560 2981 fingam,
588 2903 684 2961 multa
712 2899 909 2979 componam?
933 2904 975 2962 -si
997 2905 1082 2977 potes

140 3078 155 3126 6
174 3072 268 3141 inquit
286 3059 340 3127 om.
360 3082 397 3140 Β,
415 3089 491 3141 supr.
510 3092 542 3125 m
615 3078 648 3126 10
667 3072 802 3126 cantandi
821 3083 859 3139 Β,
882 3072 927 3125 vel
946 3070 1082 3140 captandi

64 3197 142 3250 capr.
161 3201 194 3232 n
290 3182 427 3234 remotam
445 3189 484 3247 Β;
508 3195 567 3233 rem
584 3181 682 3234 notam
700 3188 734 3232 Β
827 3162 984 3233 comis⁸isse
1002 3189 1031 3232 Β

68 3291 103 3341 14
121 3251 221 3340 h0015
298 3291 331 3340 16
350 3285 543 3356 pronuntiatio
565 3286 627 3341 Obr.
708 3293 740 3341 18
759 3269 851 3369 fateor·
868 3296 897 3339 Β
978 3291 1009 3339 19
1029 3267 1082 3338 hoc

66 3420 96 3464 Β
184 3415 218 3464 27
236 3410 405 3481 proditionis
417 3427 546 3480 -negas
570 3428 620 3466 om.
639 3421 663 3464 J
763 3376 892 3481 tyrallrldis
916 3410 946 3481 (d
964 3428 998 3465 cx
1015 3413 1038 3479 t)
1057 3420 1085 3463 Β

67 3539 103 3590 28
119 3517 207 3606 negas
226 3544 255 3588 Β
324 3535 395 3605 quid
414 3545 451 3604 Β,
470 3535 537 3604 quic
554 3552 629 3607 supr.
644 3557 676 3591 m
