<?xml version="1.0" encoding="UTF-8"?>
<!DOCTYPE html PUBLIC "-//W3C//DTD XHTML 1.0 Transitional//EN"
    "http://www.w3.org/TR/xhtml1/DTD/xhtml1-transitional.dtd">
<html xmlns="http://www.w3.org/1999/xhtml" xml:lang="en" lang="en">
 <head>
  <title>
</title>
<meta http-equiv="Content-Type" content="text/html;charset=utf-8" />
  <meta name='ocr-system' content='tesseract 3.04.00' />
  <meta name='ocr-capabilities' content='ocr_page ocr_carea ocr_par ocr_line ocrx_word'/>
</head>
<body>
  <div class='ocr_page' id='page_1' title='image "./qvintilianiqvae01quingoog_0292.png"; bbox 0 0 2408 3840; ppageno 0'>
   <div class='ocr_carea' id='block_1_1' title="bbox 333 141 1065 219">
    <p class='ocr_par' dir='ltr' id='par_1_1' title="bbox 333 141 1065 219">
     <span class='ocr_line' id='line_1_1' title="bbox 333 141 1065 219; baseline 0.012 -11"><span class='ocrx_word' id='word_1_1' title='bbox 333 155 567 210; x_wconf 78' lang='lat' dir='ltr'>unonnunrro</span> <span class='ocrx_word' id='word_1_2' title='bbox 586 155 649 208; x_wconf 80' lang='lat' dir='ltr'>inu</span> <span class='ocrx_word' id='word_1_3' title='bbox 664 161 775 208; x_wconf 78' lang='lat'>10-12.</span> <span class='ocrx_word' id='word_1_4' title='bbox 998 141 1065 219; x_wconf 77' lang='lat'>257-</span> 
     </span>
    </p>
   </div>
   <div class='ocr_carea' id='block_1_2' title="bbox 10 323 1123 2624">
    <p class='ocr_par' dir='ltr' id='par_1_2' title="bbox 49 323 1065 489">
     <span class='ocr_line' id='line_1_2' title="bbox 49 323 1065 399; baseline -0.004 -15"><span class='ocrx_word' id='word_1_5' title='bbox 49 345 87 384; x_wconf 86' lang='lat' dir='ltr'>ac</span> <span class='ocrx_word' id='word_1_6' title='bbox 106 326 234 399; x_wconf 88' lang='lat' dir='ltr'>saepius,</span> <span class='ocrx_word' id='word_1_7' title='bbox 256 323 377 397; x_wconf 89' lang='lat' dir='ltr'>iudices,</span> <span class='ocrx_word' id='word_1_8' title='bbox 397 324 549 398; x_wconf 79' lang='lat' dir='ltr'>admoneo,</span> <span class='ocrx_word' id='word_1_9' title='bbox 568 323 759 397; x_wconf 86' lang='lat' dir='ltr'>considerate,</span> <span class='ocrx_word' id='word_1_10' title='bbox 778 323 895 382; x_wconf 81' lang='lat' dir='ltr'>discite:</span> <span class='ocrx_word' id='word_1_11' title='bbox 919 326 971 381; x_wconf 85' lang='lat' dir='ltr'>aut</span> <span class='ocrx_word' id='word_1_12' title='bbox 989 323 1065 381; x_wconf 86' lang='lat' dir='ltr'>nihil</span> 
     </span>
     <span class='ocr_line' id='line_1_3' title="bbox 49 413 871 489; baseline -0.005 -15"><span class='ocrx_word' id='word_1_13' title='bbox 49 430 181 489; x_wconf 86' lang='lat' dir='ltr'>usquam</span> <span class='ocrx_word' id='word_1_14' title='bbox 203 415 307 472; x_wconf 89' lang='lat' dir='ltr'>contra</span> <span class='ocrx_word' id='word_1_15' title='bbox 329 415 376 472; x_wconf 90' lang='lat' dir='ltr'>ius</span> <span class='ocrx_word' id='word_1_16' title='bbox 399 413 469 472; x_wconf 89' lang='lat' dir='ltr'>licet</span> <span class='ocrx_word' id='word_1_17' title='bbox 492 415 598 471; x_wconf 92' lang='lat' dir='ltr'>autin</span> <span class='ocrx_word' id='word_1_18' title='bbox 620 414 739 489; x_wconf 87' lang='lat' dir='ltr'>privato</span> <span class='ocrx_word' id='word_1_19' title='bbox 763 414 871 470; x_wconf 90' lang='lat' dir='ltr'>omnia.</span> 
     </span>
    </p>

    <p class='ocr_par' dir='ltr' id='par_1_3' title="bbox 50 501 1065 667">
     <span class='ocr_line' id='line_1_4' title="bbox 120 501 1064 561; baseline -0.002 -1"><span class='ocrx_word' id='word_1_20' title='bbox 120 502 242 561; x_wconf 76' lang='lat' dir='ltr'>Etenim</span> <span class='ocrx_word' id='word_1_21' title='bbox 265 503 403 561; x_wconf 90' lang='lat' dir='ltr'>adversus</span> <span class='ocrx_word' id='word_1_22' title='bbox 426 501 602 561; x_wconf 90' lang='lat' dir='ltr'>inferentem</span> <span class='ocrx_word' id='word_1_23' title='bbox 630 502 771 560; x_wconf 91' lang='lat' dir='ltr'>damnum</span> <span class='ocrx_word' id='word_1_24' title='bbox 792 503 872 560; x_wconf 91' lang='lat' dir='ltr'>iusta</span> <span class='ocrx_word' id='word_1_25' title='bbox 895 502 970 560; x_wconf 92' lang='lat' dir='ltr'>ultio</span> <span class='ocrx_word' id='word_1_26' title='bbox 998 502 1064 560; x_wconf 88' lang='lat' dir='ltr'>fuit.</span> 
     </span>
     <span class='ocr_line' id='line_1_5' title="bbox 50 591 1065 667; baseline -0.002 -16"><span class='ocrx_word' id='word_1_27' title='bbox 50 591 152 650; x_wconf 86' lang='lat' dir='ltr'>dicam</span> <span class='ocrx_word' id='word_1_28' title='bbox 169 610 255 664; x_wconf 90' lang='lat' dir='ltr'>nunc,</span> <span class='ocrx_word' id='word_1_29' title='bbox 279 609 370 666; x_wconf 91' lang='lat' dir='ltr'>quam</span> <span class='ocrx_word' id='word_1_30' title='bbox 392 591 497 667; x_wconf 90' lang='lat' dir='ltr'>iniqua</span> <span class='ocrx_word' id='word_1_31' title='bbox 516 593 557 650; x_wconf 87' lang='lat' dir='ltr'>sit</span> <span class='ocrx_word' id='word_1_32' title='bbox 573 593 702 649; x_wconf 82' lang='lat' dir='ltr'>invicem</span> <span class='ocrx_word' id='word_1_33' title='bbox 724 592 850 648; x_wconf 90' lang='lat' dir='ltr'>iniuriae</span> <span class='ocrx_word' id='word_1_34' title='bbox 875 593 1065 666; x_wconf 76' lang='lat' dir='ltr'>conpensatio</span> 
     </span>
    </p>

    <p class='ocr_par' dir='ltr' id='par_1_4' title="bbox 20 678 1068 1112">
     <span class='ocr_line' id='line_1_6' title="bbox 20 678 1066 757; baseline -0.003 -18"><span class='ocrx_word' id='word_1_35' title='bbox 20 699 205 757; x_wconf 75' lang='lat' dir='ltr'>aquamque</span> <span class='ocrx_word' id='word_1_36' title='bbox 234 698 293 738; x_wconf 90' lang='lat' dir='ltr'>non</span> <span class='ocrx_word' id='word_1_37' title='bbox 325 681 420 739; x_wconf 92' lang='lat' dir='ltr'>solum</span> <span class='ocrx_word' id='word_1_38' title='bbox 451 681 512 757; x_wconf 86' lang='lat' dir='ltr'>legi</span> <span class='ocrx_word' id='word_1_39' title='bbox 544 679 668 738; x_wconf 85' lang='lat' dir='ltr'>adversa</span> <span class='ocrx_word' id='word_1_40' title='bbox 700 679 750 738; x_wconf 89' lang='lat' dir='ltr'>sed</span> <span class='ocrx_word' id='word_1_41' title='bbox 784 681 860 754; x_wconf 93' lang='lat' dir='ltr'>paci.</span> <span class='ocrx_word' id='word_1_42' title='bbox 906 678 1066 737; x_wconf 89' lang='lat' dir='ltr'>barbarum</span> 
     </span>
     <span class='ocr_line' id='line_1_7' title="bbox 51 768 1066 845; baseline -0.002 -17"><span class='ocrx_word' id='word_1_43' title='bbox 51 788 118 828; x_wconf 92' lang='lat' dir='ltr'>mos</span> <span class='ocrx_word' id='word_1_44' title='bbox 143 771 188 828; x_wconf 86' lang='lat' dir='ltr'>est</span> <span class='ocrx_word' id='word_1_45' title='bbox 210 769 388 844; x_wconf 91' lang='lat' dir='ltr'>populorum</span> <span class='ocrx_word' id='word_1_46' title='bbox 407 788 480 844; x_wconf 90' lang='lat' dir='ltr'>quos</span> <span class='ocrx_word' id='word_1_47' title='bbox 503 770 607 845; x_wconf 88' lang='lat' dir='ltr'>procul</span> <span class='ocrx_word' id='word_1_48' title='bbox 625 771 720 827; x_wconf 90' lang='lat' dir='ltr'>omnis</span> <span class='ocrx_word' id='word_1_49' title='bbox 738 770 812 827; x_wconf 86' lang='lat' dir='ltr'>iuris</span> <span class='ocrx_word' id='word_1_50' title='bbox 835 768 958 826; x_wconf 91' lang='lat' dir='ltr'>humani</span> <span class='ocrx_word' id='word_1_51' title='bbox 976 768 1066 826; x_wconf 90' lang='lat' dir='ltr'>socie·</span> 
     </span>
     <span class='ocr_line' id='line_1_8' title="bbox 51 856 1066 933; baseline -0.004 -15"><span class='ocrx_word' id='word_1_52' title='bbox 51 860 118 918; x_wconf 88' lang='lat' dir='ltr'>tate</span> <span class='ocrx_word' id='word_1_53' title='bbox 142 860 304 917; x_wconf 87' lang='lat' dir='ltr'>summotos</span> <span class='ocrx_word' id='word_1_54' title='bbox 326 858 461 933; x_wconf 82' lang='lat' dir='ltr'>proxima</span> <span class='ocrx_word' id='word_1_55' title='bbox 486 857 580 917; x_wconf 89' lang='lat' dir='ltr'>beluis</span> <span class='ocrx_word' id='word_1_56' title='bbox 603 860 712 916; x_wconf 90' lang='lat' dir='ltr'>natura</span> <span class='ocrx_word' id='word_1_57' title='bbox 735 857 877 916; x_wconf 84' lang='lat' dir='ltr'>efferavit.</span> <span class='ocrx_word' id='word_1_58' title='bbox 923 874 977 914; x_wconf 91' lang='lat' dir='ltr'>nos</span> <span class='ocrx_word' id='word_1_59' title='bbox 999 856 1066 915; x_wconf 93' lang='lat' dir='ltr'>ideo</span> 
     </span>
     <span class='ocr_line' id='line_1_9' title="bbox 51 947 1067 1025; baseline -0.003 -19"><span class='ocrx_word' id='word_1_60' title='bbox 51 949 250 1025; x_wconf 76' lang='lat' dir='ltr'><strong>magistratus</strong></span> <span class='ocrx_word' id='word_1_61' title='bbox 282 947 420 1023; x_wconf 85' lang='lat' dir='ltr'>legesque</span> <span class='ocrx_word' id='word_1_62' title='bbox 448 964 466 1004; x_wconf 89' lang='lat' dir='ltr'>a</span> <span class='ocrx_word' id='word_1_63' title='bbox 492 947 653 1006; x_wconf 85' lang='lat' dir='ltr'>maioribus</span> <span class='ocrx_word' id='word_1_64' title='bbox 681 948 790 1005; x_wconf 89' lang='lat' dir='ltr'>nostris</span> <span class='ocrx_word' id='word_1_65' title='bbox 819 948 998 1021; x_wconf 87' lang='lat' dir='ltr'>accepimus,</span> <span class='ocrx_word' id='word_1_66' title='bbox 1030 965 1067 1003; x_wconf 91' lang='lat' dir='ltr'>ne</span> 
     </span>
     <span class='ocr_line' id='line_1_10' title="bbox 52 1034 1068 1112; baseline -0.004 -16"><span class='ocrx_word' id='word_1_67' title='bbox 52 1036 102 1096; x_wconf 84' lang='lat' dir='ltr'>sui</span> <span class='ocrx_word' id='word_1_68' title='bbox 125 1037 250 1112; x_wconf 88' lang='lat' dir='ltr'>quisque</span> <span class='ocrx_word' id='word_1_69' title='bbox 273 1035 383 1095; x_wconf 87' lang='lat' dir='ltr'>doloris</span> <span class='ocrx_word' id='word_1_70' title='bbox 406 1035 493 1094; x_wconf 86' lang='lat' dir='ltr'>iudex</span> <span class='ocrx_word' id='word_1_71' title='bbox 516 1037 564 1110; x_wconf 90' lang='lat' dir='ltr'>sit,</span> <span class='ocrx_word' id='word_1_72' title='bbox 587 1038 618 1094; x_wconf 92' lang='lat' dir='ltr'>et</span> <span class='ocrx_word' id='word_1_73' title='bbox 641 1034 781 1095; x_wconf 80' lang='lat' dir='ltr'>adsiduae</span> <span class='ocrx_word' id='word_1_74' title='bbox 800 1035 943 1103; x_wconf 84' lang='lat' dir='ltr'>scelerum</span> <span class='ocrx_word' id='word_1_75' title='bbox 961 1052 1068 1093; x_wconf 87' lang='lat' dir='ltr'>causae</span> 
     </span>
    </p>

    <p class='ocr_par' dir='ltr' id='par_1_5' title="bbox 10 1123 1070 1559">
     <span class='ocr_line' id='line_1_11' title="bbox 10 1123 1067 1200; baseline -0.009 -11"><span class='ocrx_word' id='word_1_76' title='bbox 10 1147 42 1189; x_wconf 75' lang='lat' dir='ltr'>no</span> <span class='ocrx_word' id='word_1_77' title='bbox 54 1143 86 1185; x_wconf 88' lang='lat' dir='ltr'>se</span> <span class='ocrx_word' id='word_1_78' title='bbox 104 1124 252 1199; x_wconf 78' lang='lat' dir='ltr'>refellant,</span> <span class='ocrx_word' id='word_1_79' title='bbox 275 1126 301 1184; x_wconf 90' lang='lat' dir='ltr'>si</span> <span class='ocrx_word' id='word_1_80' title='bbox 319 1124 395 1183; x_wconf 90' lang='lat' dir='ltr'>ultio</span> <span class='ocrx_word' id='word_1_81' title='bbox 414 1126 525 1183; x_wconf 81' lang='lat' dir='ltr'>crimen</span> <span class='ocrx_word' id='word_1_82' title='bbox 544 1124 720 1183; x_wconf 81' lang='lat' dir='ltr'>imitabitur.</span> <span class='ocrx_word' id='word_1_83' title='bbox 758 1123 899 1182; x_wconf 89' lang='lat' dir='ltr'>damnum</span> <span class='ocrx_word' id='word_1_84' title='bbox 919 1125 1067 1200; x_wconf 86' lang='lat' dir='ltr'>accepisti.</span> 
     </span>
     <span class='ocr_line' id='line_1_12' title="bbox 55 1212 1068 1290; baseline -0.004 -16"><span class='ocrx_word' id='word_1_85' title='bbox 55 1216 121 1274; x_wconf 88' lang='lat' dir='ltr'>erat</span> <span class='ocrx_word' id='word_1_86' title='bbox 144 1215 204 1288; x_wconf 80' lang='lat' dir='ltr'>lex,</span> <span class='ocrx_word' id='word_1_87' title='bbox 231 1214 341 1289; x_wconf 83' lang='lat' dir='ltr'>forum,</span> <span class='ocrx_word' id='word_1_88' title='bbox 368 1213 469 1290; x_wconf 82' lang='lat' dir='ltr'>iudex,</span> <span class='ocrx_word' id='word_1_89' title='bbox 497 1214 556 1272; x_wconf 89' lang='lat' dir='ltr'>nisi</span> <span class='ocrx_word' id='word_1_90' title='bbox 581 1214 606 1272; x_wconf 92' lang='lat' dir='ltr'>si</span> <span class='ocrx_word' id='word_1_91' title='bbox 628 1231 680 1272; x_wconf 79' lang='lat' dir='ltr'>vos</span> <span class='ocrx_word' id='word_1_92' title='bbox 703 1216 768 1272; x_wconf 87' lang='lat' dir='ltr'>iure</span> <span class='ocrx_word' id='word_1_93' title='bbox 791 1213 938 1271; x_wconf 85' lang='lat' dir='ltr'>vindicari</span> <span class='ocrx_word' id='word_1_94' title='bbox 963 1212 1068 1288; x_wconf 77' lang='lat' dir='ltr'>pudet3</span> 
     </span>
     <span class='ocr_line' id='line_1_13' title="bbox 56 1301 1070 1377; baseline -0.002 -16"><span class='ocrx_word' id='word_1_95' title='bbox 56 1306 90 1362; x_wconf 86' lang='lat' dir='ltr'>at</span> <span class='ocrx_word' id='word_1_96' title='bbox 111 1303 292 1377; x_wconf 89' lang='lat' dir='ltr'>mehercule,</span> <span class='ocrx_word' id='word_1_97' title='bbox 315 1305 341 1360; x_wconf 86' lang='lat' dir='ltr'>si</span> <span class='ocrx_word' id='word_1_98' title='bbox 373 1301 411 1361; x_wconf 89' lang='lat' dir='ltr'>ad</span> <span class='ocrx_word' id='word_1_99' title='bbox 438 1321 521 1361; x_wconf 88' lang='lat' dir='ltr'>arma</span> <span class='ocrx_word' id='word_1_100' title='bbox 543 1304 700 1375; x_wconf 88' lang='lat' dir='ltr'>mittimur,</span> <span class='ocrx_word' id='word_1_101' title='bbox 728 1304 759 1361; x_wconf 93' lang='lat' dir='ltr'>et</span> <span class='ocrx_word' id='word_1_102' title='bbox 780 1303 950 1360; x_wconf 90' lang='lat' dir='ltr'>instituitur</span> <span class='ocrx_word' id='word_1_103' title='bbox 971 1302 1070 1377; x_wconf 87' lang='lat' dir='ltr'>perni-</span> 
     </span>
     <span class='ocr_line' id='line_1_14' title="bbox 56 1391 1069 1468; baseline -0.004 -17"><span class='ocrx_word' id='word_1_104' title='bbox 56 1395 139 1451; x_wconf 91' lang='lat' dir='ltr'>ciosa</span> <span class='ocrx_word' id='word_1_105' title='bbox 165 1392 290 1450; x_wconf 92' lang='lat' dir='ltr'>nocendi</span> <span class='ocrx_word' id='word_1_106' title='bbox 317 1393 481 1465; x_wconf 88' lang='lat' dir='ltr'>contentio,</span> <span class='ocrx_word' id='word_1_107' title='bbox 513 1393 543 1451; x_wconf 92' lang='lat' dir='ltr'>et</span> <span class='ocrx_word' id='word_1_108' title='bbox 569 1392 600 1448; x_wconf 92' lang='lat' dir='ltr'>in</span> <span class='ocrx_word' id='word_1_109' title='bbox 628 1393 723 1450; x_wconf 86' lang='lat' dir='ltr'>vicem</span> <span class='ocrx_word' id='word_1_110' title='bbox 752 1392 826 1468; x_wconf 84' lang='lat' dir='ltr'>legis</span> <span class='ocrx_word' id='word_1_111' title='bbox 855 1392 902 1449; x_wconf 89' lang='lat' dir='ltr'>ira</span> <span class='ocrx_word' id='word_1_112' title='bbox 931 1391 1069 1450; x_wconf 84' lang='lat' dir='ltr'>succedit.</span> 
     </span>
     <span class='ocr_line' id='line_1_15' title="bbox 55 1479 1068 1559; baseline -0.003 -19"><span class='ocrx_word' id='word_1_113' title='bbox 55 1483 209 1559; x_wconf 87' lang='lat' dir='ltr'>premetur</span> <span class='ocrx_word' id='word_1_114' title='bbox 227 1480 347 1555; x_wconf 89' lang='lat' dir='ltr'>quidem</span> <span class='ocrx_word' id='word_1_115' title='bbox 365 1480 490 1538; x_wconf 88' lang='lat' dir='ltr'>obnoxia</span> <span class='ocrx_word' id='word_1_116' title='bbox 514 1479 680 1555; x_wconf 70' lang='lat' dir='ltr'>infirmatas,</span> <span class='ocrx_word' id='word_1_117' title='bbox 704 1482 734 1539; x_wconf 90' lang='lat' dir='ltr'>et</span> <span class='ocrx_word' id='word_1_118' title='bbox 755 1499 917 1556; x_wconf 88' lang='lat' dir='ltr'>paucorum</span> <span class='ocrx_word' id='word_1_119' title='bbox 938 1479 1068 1538; x_wconf 89' lang='lat' dir='ltr'>dominio</span> 
     </span>
    </p>

    <p class='ocr_par' dir='ltr' id='par_1_6' title="bbox 14 1568 1123 2002">
     <span class='ocr_line' id='line_1_16' title="bbox 14 1568 1071 1646; baseline -0.008 -12"><span class='ocrx_word' id='word_1_120' title='bbox 14 1571 191 1634; x_wconf 66' lang='lat' dir='ltr'>usubiecta</span> <span class='ocrx_word' id='word_1_121' title='bbox 218 1568 317 1646; x_wconf 90' lang='lat' dir='ltr'>plebes</span> <span class='ocrx_word' id='word_1_122' title='bbox 347 1570 434 1628; x_wconf 90' lang='lat' dir='ltr'>triste</span> <span class='ocrx_word' id='word_1_123' title='bbox 464 1569 618 1629; x_wconf 85' lang='lat' dir='ltr'>servitium</span> <span class='ocrx_word' id='word_1_124' title='bbox 650 1569 785 1645; x_wconf 88' lang='lat' dir='ltr'>perferet.</span> <span class='ocrx_word' id='word_1_125' title='bbox 832 1571 877 1628; x_wconf 89' lang='lat' dir='ltr'>est</span> <span class='ocrx_word' id='word_1_126' title='bbox 908 1571 1008 1628; x_wconf 88' lang='lat' dir='ltr'>tamen</span> <span class='ocrx_word' id='word_1_127' title='bbox 1041 1571 1071 1627; x_wconf 89' lang='lat' dir='ltr'>et</span> 
     </span>
     <span class='ocr_line' id='line_1_17' title="bbox 56 1657 1070 1736; baseline -0.003 -18"><span class='ocrx_word' id='word_1_128' title='bbox 56 1659 240 1736; x_wconf 83' lang='lat' dir='ltr'>pauperibus</span> <span class='ocrx_word' id='word_1_129' title='bbox 262 1659 382 1717; x_wconf 87' lang='lat' dir='ltr'>interim</span> <span class='ocrx_word' id='word_1_130' title='bbox 406 1657 498 1732; x_wconf 90' lang='lat' dir='ltr'>dolor,</span> <span class='ocrx_word' id='word_1_131' title='bbox 522 1661 564 1732; x_wconf 91' lang='lat' dir='ltr'>et,</span> <span class='ocrx_word' id='word_1_132' title='bbox 592 1662 626 1716; x_wconf 88' lang='lat' dir='ltr'>ut</span> <span class='ocrx_word' id='word_1_133' title='bbox 648 1659 766 1717; x_wconf 89' lang='lat' dir='ltr'>facilius</span> <span class='ocrx_word' id='word_1_134' title='bbox 789 1658 873 1716; x_wconf 90' lang='lat' dir='ltr'>nobis</span> <span class='ocrx_word' id='word_1_135' title='bbox 896 1661 996 1717; x_wconf 87' lang='lat' dir='ltr'>noceri</span> <span class='ocrx_word' id='word_1_136' title='bbox 1019 1676 1070 1733; x_wconf 91' lang='lat' dir='ltr'>po·</span> 
     </span>
     <span class='ocr_line' id='line_1_18' title="bbox 57 1747 1070 1823; baseline -0.005 -15"><span class='ocrx_word' id='word_1_137' title='bbox 57 1751 130 1822; x_wconf 85' lang='lat' dir='ltr'>test,</span> <span class='ocrx_word' id='word_1_138' title='bbox 158 1749 202 1806; x_wconf 90' lang='lat' dir='ltr'>ita</span> <span class='ocrx_word' id='word_1_139' title='bbox 229 1747 312 1807; x_wconf 87' lang='lat' dir='ltr'>vobis</span> <span class='ocrx_word' id='word_1_140' title='bbox 339 1747 438 1806; x_wconf 86' lang='lat' dir='ltr'>latius.</span> <span class='ocrx_word' id='word_1_141' title='bbox 483 1750 632 1823; x_wconf 90' lang='lat' dir='ltr'>postremo</span> <span class='ocrx_word' id='word_1_142' title='bbox 659 1749 778 1823; x_wconf 90' lang='lat' dir='ltr'>placeas</span> <span class='ocrx_word' id='word_1_143' title='bbox 801 1749 871 1806; x_wconf 89' lang='lat' dir='ltr'>licet</span> <span class='ocrx_word' id='word_1_144' title='bbox 900 1748 958 1805; x_wconf 91' lang='lat' dir='ltr'>tibi</span> <span class='ocrx_word' id='word_1_145' title='bbox 980 1766 1070 1822; x_wconf 92' lang='lat' dir='ltr'>opum</span> 
     </span>
     <span class='ocr_line' id='line_1_19' title="bbox 56 1835 1072 1912; baseline -0.004 -15"><span class='ocrx_word' id='word_1_146' title='bbox 56 1840 179 1897; x_wconf 88' lang='lat' dir='ltr'>tuarum</span> <span class='ocrx_word' id='word_1_147' title='bbox 201 1835 321 1910; x_wconf 89' lang='lat' dir='ltr'>fiducia,</span> <span class='ocrx_word' id='word_1_148' title='bbox 349 1836 444 1911; x_wconf 78' lang='lat' dir='ltr'>divae,</span> <span class='ocrx_word' id='word_1_149' title='bbox 471 1839 498 1895; x_wconf 90' lang='lat' dir='ltr'>si</span> <span class='ocrx_word' id='word_1_150' title='bbox 519 1837 594 1895; x_wconf 92' lang='lat' dir='ltr'>mihi</span> <span class='ocrx_word' id='word_1_151' title='bbox 616 1836 716 1894; x_wconf 88' lang='lat' dir='ltr'>videre</span> <span class='ocrx_word' id='word_1_152' title='bbox 739 1855 798 1895; x_wconf 90' lang='lat' dir='ltr'>non</span> <span class='ocrx_word' id='word_1_153' title='bbox 824 1836 954 1911; x_wconf 85' lang='lat' dir='ltr'>expedit,</span> <span class='ocrx_word' id='word_1_154' title='bbox 985 1854 1072 1912; x_wconf 89' lang='lat' dir='ltr'>pares</span> 
     </span>
     <span class='ocr_line' id='line_1_20' title="bbox 58 1922 1123 2002; baseline -0.008 -15"><span class='ocrx_word' id='word_1_155' title='bbox 58 1944 168 1988; x_wconf 89' lang='lat' dir='ltr'>sumus.</span> <span class='ocrx_word' id='word_1_156' title='bbox 215 1925 288 2000; x_wconf 93' lang='lat' dir='ltr'>quid</span> <span class='ocrx_word' id='word_1_157' title='bbox 310 1922 400 2002; x_wconf 82' lang='lat' dir='ltr'>ergo?</span> <span class='ocrx_word' id='word_1_158' title='bbox 445 1927 471 1984; x_wconf 94' lang='lat' dir='ltr'>si</span> <span class='ocrx_word' id='word_1_159' title='bbox 495 1925 567 2001; x_wconf 90' lang='lat' dir='ltr'>quid</span> <span class='ocrx_word' id='word_1_160' title='bbox 594 1925 651 1984; x_wconf 90' lang='lat' dir='ltr'>tibi</span> <span class='ocrx_word' id='word_1_161' title='bbox 673 1924 774 1984; x_wconf 87' lang='lat' dir='ltr'>damni</span> <span class='ocrx_word' id='word_1_162' title='bbox 802 1927 973 1984; x_wconf 87' lang='lat' dir='ltr'>attulissent</span> <span class='ocrx_word' id='word_1_163' title='bbox 1001 1942 1070 2000; x_wconf 91' lang='lat' dir='ltr'>apes</span> <span class='ocrx_word' id='word_1_164' title='bbox 1086 1925 1123 1979; x_wconf 72' lang='lat'>12</span> 
     </span>
    </p>

    <p class='ocr_par' dir='ltr' id='par_1_7' title="bbox 15 2013 1072 2164">
     <span class='ocr_line' id='line_1_21' title="bbox 15 2013 1072 2089; baseline -0.009 -10"><span class='ocrx_word' id='word_1_165' title='bbox 15 2029 152 2088; x_wconf 62' lang='lat' dir='ltr'>meae,</span> <span class='ocrx_word' id='word_1_166' title='bbox 174 2033 233 2072; x_wconf 90' lang='lat' dir='ltr'>non</span> <span class='ocrx_word' id='word_1_167' title='bbox 256 2014 330 2072; x_wconf 91' lang='lat' dir='ltr'>mihi</span> <span class='ocrx_word' id='word_1_168' title='bbox 349 2014 514 2072; x_wconf 86' lang='lat' dir='ltr'>auferretur</span> <span class='ocrx_word' id='word_1_169' title='bbox 531 2016 618 2088; x_wconf 90' lang='lat' dir='ltr'>ratio,</span> <span class='ocrx_word' id='word_1_170' title='bbox 641 2015 692 2073; x_wconf 88' lang='lat' dir='ltr'>sed</span> <span class='ocrx_word' id='word_1_171' title='bbox 710 2015 811 2073; x_wconf 87' lang='lat' dir='ltr'>forsan</span> <span class='ocrx_word' id='word_1_172' title='bbox 831 2016 933 2089; x_wconf 89' lang='lat' dir='ltr'>aliqua</span> <span class='ocrx_word' id='word_1_173' title='bbox 951 2013 1072 2071; x_wconf 89' lang='lat' dir='ltr'>daretur</span> 
     </span>
     <span class='ocr_line' id='line_1_22' title="bbox 59 2104 176 2164; baseline -0.034 0"><span class='ocrx_word' id='word_1_174' title='bbox 59 2107 89 2164; x_wconf 87' lang='lat' dir='ltr'>et</span> <span class='ocrx_word' id='word_1_175' title='bbox 110 2104 176 2162; x_wconf 87' lang='lat' dir='ltr'>tibi.</span> 
     </span>
    </p>

    <p class='ocr_par' dir='ltr' id='par_1_8' title="bbox 59 2190 1073 2447">
     <span class='ocr_line' id='line_1_23' title="bbox 126 2190 1072 2268; baseline -0.002 -18"><span class='ocrx_word' id='word_1_176' title='bbox 126 2193 213 2250; x_wconf 85' lang='lat' dir='ltr'>Nunc</span> <span class='ocrx_word' id='word_1_177' title='bbox 240 2211 309 2250; x_wconf 81' lang='lat' dir='ltr'>vero</span> <span class='ocrx_word' id='word_1_178' title='bbox 338 2191 409 2266; x_wconf 93' lang='lat' dir='ltr'>quid</span> <span class='ocrx_word' id='word_1_179' title='bbox 442 2190 593 2267; x_wconf 82' lang='lat' dir='ltr'>quereris?</span> <span class='ocrx_word' id='word_1_180' title='bbox 639 2192 724 2251; x_wconf 89' lang='lat' dir='ltr'>oredo</span> <span class='ocrx_word' id='word_1_181' title='bbox 757 2191 953 2267; x_wconf 88' lang='lat' dir='ltr'>depopulatos</span> <span class='ocrx_word' id='word_1_182' title='bbox 986 2209 1072 2268; x_wconf 82' lang='lat' dir='ltr'>agros</span> 
     </span>
     <span class='ocr_line' id='line_1_24' title="bbox 59 2280 1073 2356; baseline -0.005 -15"><span class='ocrx_word' id='word_1_183' title='bbox 59 2299 237 2356; x_wconf 83' lang='lat' dir='ltr'>eversosque</span> <span class='ocrx_word' id='word_1_184' title='bbox 263 2280 384 2340; x_wconf 87' lang='lat' dir='ltr'>reditus.</span> <span class='ocrx_word' id='word_1_185' title='bbox 430 2301 490 2340; x_wconf 87' lang='lat' dir='ltr'>non</span> <span class='ocrx_word' id='word_1_186' title='bbox 517 2283 596 2339; x_wconf 92' lang='lat' dir='ltr'>enim</span> <span class='ocrx_word' id='word_1_187' title='bbox 623 2281 711 2340; x_wconf 92' lang='lat' dir='ltr'>debet</span> <span class='ocrx_word' id='word_1_188' title='bbox 741 2282 806 2339; x_wconf 90' lang='lat' dir='ltr'>leve</span> <span class='ocrx_word' id='word_1_189' title='bbox 839 2298 900 2338; x_wconf 90' lang='lat' dir='ltr'>esse</span> <span class='ocrx_word' id='word_1_190' title='bbox 934 2280 1073 2337; x_wconf 87' lang='lat' dir='ltr'>damnum</span> 
     </span>
     <span class='ocr_line' id='line_1_25' title="bbox 60 2363 1073 2447; baseline -0.004 -18"><span class='ocrx_word' id='word_1_191' title='bbox 60 2369 142 2447; x_wconf 87' lang='lat' dir='ltr'>quod</span> <span class='ocrx_word' id='word_1_192' title='bbox 164 2369 246 2428; x_wconf 84' lang='lat' dir='ltr'>dives</span> <span class='ocrx_word' id='word_1_193' title='bbox 268 2370 345 2428; x_wconf 87' lang='lat' dir='ltr'>ferre</span> <span class='ocrx_word' id='word_1_194' title='bbox 367 2389 426 2428; x_wconf 91' lang='lat' dir='ltr'>non</span> <span class='ocrx_word' id='word_1_195' title='bbox 449 2372 550 2446; x_wconf 88' lang='lat' dir='ltr'>possit.</span> <span class='ocrx_word' id='word_1_196' title='bbox 594 2365 823 2445; x_wconf 61' lang='lat' dir='ltr'>decerpebant,</span> <span class='ocrx_word' id='word_1_197' title='bbox 846 2369 953 2443; x_wconf 92' lang='lat' dir='ltr'>inquit,</span> <span class='ocrx_word' id='word_1_198' title='bbox 977 2363 1073 2426; x_wconf 79' lang='lat' dir='ltr'>‘fiores</span> 
     </span>
    </p>

    <p class='ocr_par' dir='ltr' id='par_1_9' title="bbox 19 2454 1075 2624">
     <span class='ocr_line' id='line_1_26' title="bbox 19 2454 1075 2536; baseline -0.009 -13"><span class='ocrx_word' id='word_1_199' title='bbox 19 2454 163 2523; x_wconf 65' lang='lat' dir='ltr'>amoos?</span> <span class='ocrx_word' id='word_1_200' title='bbox 210 2459 314 2533; x_wconf 88' lang='lat' dir='ltr'>ecquid</span> <span class='ocrx_word' id='word_1_201' title='bbox 337 2459 520 2536; x_wconf 81' lang='lat' dir='ltr'>intellegitis,</span> <span class='ocrx_word' id='word_1_202' title='bbox 533 2458 668 2530; x_wconf 89' lang='lat' dir='ltr'>iudices,</span> <span class='ocrx_word' id='word_1_203' title='bbox 692 2461 804 2533; x_wconf 90' lang='lat' dir='ltr'>quanto</span> <span class='ocrx_word' id='word_1_204' title='bbox 828 2458 929 2516; x_wconf 89' lang='lat' dir='ltr'>dolore</span> <span class='ocrx_word' id='word_1_205' title='bbox 952 2457 1075 2534; x_wconf 81' lang='lat' dir='ltr'>dignum</span> 
     </span>
     <span class='ocr_line' id='line_1_27' title="bbox 62 2546 1075 2624; baseline -0.005 -15"><span class='ocrx_word' id='word_1_206' title='bbox 62 2550 103 2609; x_wconf 83' lang='lat' dir='ltr'>sit</span> <span class='ocrx_word' id='word_1_207' title='bbox 135 2547 214 2623; x_wconf 87' lang='lat' dir='ltr'>quod</span> <span class='ocrx_word' id='word_1_208' title='bbox 246 2567 300 2624; x_wconf 85' lang='lat' dir='ltr'>ego</span> <span class='ocrx_word' id='word_1_209' title='bbox 331 2547 460 2624; x_wconf 90' lang='lat' dir='ltr'>perdidi,</span> <span class='ocrx_word' id='word_1_210' title='bbox 493 2550 518 2607; x_wconf 89' lang='lat' dir='ltr'>si</span> <span class='ocrx_word' id='word_1_211' title='bbox 546 2550 637 2606; x_wconf 89' lang='lat' dir='ltr'>etiam</span> <span class='ocrx_word' id='word_1_212' title='bbox 664 2549 720 2607; x_wconf 93' lang='lat' dir='ltr'>hoc</span> <span class='ocrx_word' id='word_1_213' title='bbox 749 2547 881 2605; x_wconf 92' lang='lat' dir='ltr'>damnun</span> <span class='ocrx_word' id='word_1_214' title='bbox 913 2549 958 2605; x_wconf 88' lang='lat' dir='ltr'>est</span> <span class='ocrx_word' id='word_1_215' title='bbox 988 2546 1075 2604; x_wconf 87' lang='lat' dir='ltr'>flores</span> 
     </span>
    </p>
   </div>
   <div class='ocr_carea' id='block_1_3' title="bbox 62 2769 1077 2982">
    <p class='ocr_par' dir='ltr' id='par_1_10' title="bbox 62 2769 1077 2982">
     <span class='ocr_line' id='line_1_28' title="bbox 136 2769 1077 2837; baseline -0.002 -14"><span class='ocrx_word' id='word_1_216' title='bbox 136 2769 304 2833; x_wconf 75' lang='lat' dir='ltr'>liudicisa</span> <span class='ocrx_word' id='word_1_217' title='bbox 367 2786 483 2825; x_wconf 88' lang='lat' dir='ltr'>amoueo</span> <span class='ocrx_word' id='word_1_218' title='bbox 505 2780 536 2837; x_wconf 75' lang='lat' dir='ltr'>V,</span> <span class='ocrx_word' id='word_1_219' title='bbox 556 2785 700 2824; x_wconf 89' lang='lat' dir='ltr'>ammoneo</span> <span class='ocrx_word' id='word_1_220' title='bbox 721 2779 752 2822; x_wconf 95' lang='lat' dir='ltr'><em>M</em></span> <span class='ocrx_word' id='word_1_221' title='bbox 813 2770 898 2824; x_wconf 88' lang='lat' dir='ltr'>dieite</span> <span class='ocrx_word' id='word_1_222' title='bbox 919 2779 950 2822; x_wconf 95' lang='lat' dir='ltr'><em>M</em></span> <span class='ocrx_word' id='word_1_223' title='bbox 1011 2771 1077 2822; x_wconf 76' lang='lat' dir='ltr'>tat</span> 
     </span>
     <span class='ocr_line' id='line_1_29' title="bbox 63 2840 1077 2914; baseline -0.003 -17"><span class='ocrx_word' id='word_1_224' title='bbox 63 2843 175 2897; x_wconf 77' lang='lat' dir='ltr'>enims</span> <span class='ocrx_word' id='word_1_225' title='bbox 228 2840 390 2914; x_wconf 79' lang='lat' dir='ltr'>liniquass</span> <span class='ocrx_word' id='word_1_226' title='bbox 403 2851 431 2895; x_wconf 97' lang='grc' dir='ltr'><strong><em>Β</em></strong></span> <span class='ocrx_word' id='word_1_227' title='bbox 483 2842 579 2910; x_wconf 69' lang='lat' dir='ltr'>spati</span> <span class='ocrx_word' id='word_1_228' title='bbox 597 2849 675 2894; x_wconf 74' lang='lat' dir='ltr'>MMS</span> <span class='ocrx_word' id='word_1_229' title='bbox 728 2840 911 2895; x_wconf 86' lang='lat' dir='ltr'>barbarorum</span> <span class='ocrx_word' id='word_1_230' title='bbox 930 2863 952 2892; x_wconf 89' lang='grc' dir='ltr'>ω</span> <span class='ocrx_word' id='word_1_231' title='bbox 967 2845 1077 2909; x_wconf 84' lang='lat' dir='ltr'>praeter</span> 
     </span>
     <span class='ocr_line' id='line_1_30' title="bbox 62 2911 1075 2982; baseline -0.003 -15"><span class='ocrx_word' id='word_1_232' title='bbox 62 2923 90 2967; x_wconf 96' lang='grc' dir='ltr'><strong><em>Β</em></strong></span> <span class='ocrx_word' id='word_1_233' title='bbox 170 2911 368 2965; x_wconf 82' lang='lat' dir='ltr'>6societatem</span> <span class='ocrx_word' id='word_1_234' title='bbox 386 2922 438 2966; x_wconf 72' lang='lat' dir='ltr'>MV</span> <span class='ocrx_word' id='word_1_235' title='bbox 516 2915 704 2966; x_wconf 71' lang='lat' dir='ltr'>isummotus</span> <span class='ocrx_word' id='word_1_236' title='bbox 724 2920 752 2964; x_wconf 89' lang='grc' dir='ltr'><strong><em>Β</em></strong></span> <span class='ocrx_word' id='word_1_237' title='bbox 821 2913 946 2982; x_wconf 84' lang='lat' dir='ltr'>proxime</span> <span class='ocrx_word' id='word_1_238' title='bbox 965 2920 1075 2975; x_wconf 65' lang='grc' dir='ltr'>Βνηισς</span> 
     </span>
    </p>
   </div>
   <div class='ocr_carea' id='block_1_4' title="bbox 63 3001 1084 3604">
    <p class='ocr_par' dir='ltr' id='par_1_11' title="bbox 63 3001 1080 3320">
     <span class='ocr_line' id='line_1_31' title="bbox 529 3001 545 3035; baseline 0 0"><span class='ocrx_word' id='word_1_239' title='bbox 529 3001 545 3035; x_wconf 87' lang='lat' dir='ltr'>v</span> 
     </span>
     <span class='ocr_line' id='line_1_32' title="bbox 63 3036 1076 3107; baseline -0.003 -15"><span class='ocrx_word' id='word_1_240' title='bbox 63 3036 205 3107; x_wconf 89' lang='lat' dir='ltr'>proximos</span> <span class='ocrx_word' id='word_1_241' title='bbox 224 3045 255 3088; x_wconf 97' lang='lat' dir='ltr'><em>M</em></span> <span class='ocrx_word' id='word_1_242' title='bbox 343 3041 359 3089; x_wconf 80' lang='lat'><em>8</em></span> <span class='ocrx_word' id='word_1_243' title='bbox 381 3037 609 3107; x_wconf 74' lang='lat' dir='ltr'>magistratis133</span> <span class='ocrx_word' id='word_1_244' title='bbox 629 3036 810 3106; x_wconf 82' lang='lat' dir='ltr'>magistratos</span> <span class='ocrx_word' id='word_1_245' title='bbox 828 3046 849 3088; x_wconf 70' lang='lat' dir='ltr'><em>V</em></span> <span class='ocrx_word' id='word_1_246' title='bbox 941 3043 973 3089; x_wconf 87' lang='lat'>10</span> <span class='ocrx_word' id='word_1_247' title='bbox 993 3036 1076 3089; x_wconf 91' lang='lat' dir='ltr'>ultio:</span> 
     </span>
     <span class='ocr_line' id='line_1_33' title="bbox 63 3107 1077 3173; baseline -0.002 -11"><span class='ocrx_word' id='word_1_248' title='bbox 63 3108 136 3164; x_wconf 82' lang='lat' dir='ltr'>vicio</span> <span class='ocrx_word' id='word_1_249' title='bbox 149 3116 220 3161; x_wconf 71' lang='grc' dir='ltr'>Βνσ</span> <span class='ocrx_word' id='word_1_250' title='bbox 271 3107 376 3162; x_wconf 91' lang='lat' dir='ltr'>crimen</span> <span class='ocrx_word' id='word_1_251' title='bbox 388 3108 545 3162; x_wconf 89' lang='lat' dir='ltr'>mutabitur</span> <span class='ocrx_word' id='word_1_252' title='bbox 558 3117 590 3161; x_wconf 93' lang='lat' dir='ltr'><em>M</em></span> <span class='ocrx_word' id='word_1_253' title='bbox 643 3114 675 3162; x_wconf 89' lang='lat'>11</span> <span class='ocrx_word' id='word_1_254' title='bbox 694 3107 833 3161; x_wconf 80' lang='lat' dir='ltr'>vindicari</span> <span class='ocrx_word' id='word_1_255' title='bbox 851 3125 884 3161; x_wconf 77' lang='lat' dir='ltr'>ec</span> <span class='ocrx_word' id='word_1_256' title='bbox 902 3123 944 3160; x_wconf 91' lang='lat' dir='ltr'>·re</span> <span class='ocrx_word' id='word_1_257' title='bbox 958 3116 996 3173; x_wconf 84' lang='grc' dir='ltr'>Β;</span> <span class='ocrx_word' id='word_1_258' title='bbox 1017 3109 1077 3160; x_wconf 84' lang='lat' dir='ltr'>vin-</span> 
     </span>
     <span class='ocr_line' id='line_1_34' title="bbox 64 3178 1080 3250; baseline -0.003 -16"><span class='ocrx_word' id='word_1_259' title='bbox 64 3181 160 3234; x_wconf 81' lang='lat' dir='ltr'>dicare</span> <span class='ocrx_word' id='word_1_260' title='bbox 178 3188 200 3230; x_wconf 85' lang='lat' dir='ltr'><em>V</em></span> <span class='ocrx_word' id='word_1_261' title='bbox 260 3185 292 3233; x_wconf 80' lang='lat'>12</span> <span class='ocrx_word' id='word_1_262' title='bbox 312 3178 489 3250; x_wconf 66' lang='lat' dir='ltr'>mehercule}</span> <span class='ocrx_word' id='word_1_263' title='bbox 507 3183 530 3249; x_wconf 79' lang='lat' dir='ltr'>(s</span> <span class='ocrx_word' id='word_1_264' title='bbox 549 3183 596 3249; x_wconf 83' lang='lat' dir='ltr'>er.)</span> <span class='ocrx_word' id='word_1_265' title='bbox 615 3190 636 3232; x_wconf 78' lang='lat' dir='ltr'><strong><em>V</em></strong></span> <span class='ocrx_word' id='word_1_266' title='bbox 695 3179 732 3232; x_wconf 86' lang='lat' dir='ltr'>si:</span> <span class='ocrx_word' id='word_1_267' title='bbox 751 3179 843 3243; x_wconf 71' lang='lat' dir='ltr'>iamp</span> <span class='ocrx_word' id='word_1_268' title='bbox 906 3179 1031 3232; x_wconf 86' lang='lat' dir='ltr'>instituit</span> <span class='ocrx_word' id='word_1_269' title='bbox 1049 3188 1080 3231; x_wconf 95' lang='lat' dir='ltr'><em>M</em></span> 
     </span>
     <span class='ocr_line' id='line_1_35' title="bbox 66 3250 976 3320; baseline -0.003 -15"><span class='ocrx_word' id='word_1_270' title='bbox 66 3257 98 3305; x_wconf 78' lang='lat'>14</span> <span class='ocrx_word' id='word_1_271' title='bbox 124 3250 311 3305; x_wconf 87' lang='lat' dir='ltr'>dominiorum</span> <span class='ocrx_word' id='word_1_272' title='bbox 333 3259 361 3303; x_wconf 97' lang='grc' dir='ltr'><strong><em>Β</em></strong></span> <span class='ocrx_word' id='word_1_273' title='bbox 384 3251 405 3319; x_wconf 86' lang='lat' dir='ltr'>(i</span> <span class='ocrx_word' id='word_1_274' title='bbox 430 3252 545 3305; x_wconf 82' lang='lat' dir='ltr'>alteram</span> <span class='ocrx_word' id='word_1_275' title='bbox 570 3253 620 3306; x_wconf 84' lang='lat' dir='ltr'>del.</span> <span class='ocrx_word' id='word_1_276' title='bbox 642 3257 669 3320; x_wconf 72' lang='lat' dir='ltr'>c)</span> <span class='ocrx_word' id='word_1_277' title='bbox 692 3260 732 3316; x_wconf 68' lang='lat' dir='ltr'>M,</span> <span class='ocrx_word' id='word_1_278' title='bbox 759 3250 935 3303; x_wconf 88' lang='lat' dir='ltr'>dominorum</span> <span class='ocrx_word' id='word_1_279' title='bbox 955 3259 976 3301; x_wconf 83' lang='lat' dir='ltr'>v</span> 
     </span>
    </p>

    <p class='ocr_par' dir='ltr' id='par_1_12' title="bbox 64 3320 1084 3604">
     <span class='ocr_line' id='line_1_36' title="bbox 66 3320 1083 3392; baseline -0.007 -14"><span class='ocrx_word' id='word_1_280' title='bbox 66 3330 99 3378; x_wconf 75' lang='lat'>15</span> <span class='ocrx_word' id='word_1_281' title='bbox 117 3320 238 3392; x_wconf 69' lang='lat' dir='ltr'>plebew</span> <span class='ocrx_word' id='word_1_282' title='bbox 296 3322 403 3390; x_wconf 85' lang='lat' dir='ltr'>perfert</span> <span class='ocrx_word' id='word_1_283' title='bbox 419 3332 449 3388; x_wconf 71' lang='grc' dir='ltr'>νς</span> <span class='ocrx_word' id='word_1_284' title='bbox 468 3321 604 3391; x_wconf 88' lang='lat' dir='ltr'>perferret</span> <span class='ocrx_word' id='word_1_285' title='bbox 622 3331 654 3375; x_wconf 88' lang='lat' dir='ltr'><em>M</em></span> <span class='ocrx_word' id='word_1_286' title='bbox 710 3324 764 3375; x_wconf 91' lang='lat' dir='ltr'>est:</span> <span class='ocrx_word' id='word_1_287' title='bbox 785 3322 814 3374; x_wconf 89' lang='lat' dir='ltr'>et</span> <span class='ocrx_word' id='word_1_288' title='bbox 832 3333 852 3374; x_wconf 81' lang='lat' dir='ltr'>o</span> <span class='ocrx_word' id='word_1_289' title='bbox 903 3323 944 3375; x_wconf 86' lang='lat' dir='ltr'>et:</span> <span class='ocrx_word' id='word_1_290' title='bbox 963 3337 1015 3375; x_wconf 88' lang='lat' dir='ltr'>nec</span> <span class='ocrx_word' id='word_1_291' title='bbox 1031 3330 1083 3374; x_wconf 62' lang='grc' dir='ltr'>ΒΥ</span> 
     </span>
     <span class='ocr_line' id='line_1_37' title="bbox 65 3391 1080 3462; baseline -0.005 -13"><span class='ocrx_word' id='word_1_292' title='bbox 65 3399 98 3449; x_wconf 77' lang='lat' dir='ltr'>lt</span> <span class='ocrx_word' id='word_1_293' title='bbox 123 3396 153 3447; x_wconf 90' lang='lat' dir='ltr'>et</span> <span class='ocrx_word' id='word_1_294' title='bbox 170 3410 221 3448; x_wconf 83' lang='lat' dir='ltr'>om.</span> <span class='ocrx_word' id='word_1_295' title='bbox 237 3401 268 3446; x_wconf 94' lang='lat' dir='ltr'><em>M</em></span> <span class='ocrx_word' id='word_1_296' title='bbox 355 3391 436 3446; x_wconf 89' lang='lat' dir='ltr'>nobis</span> <span class='ocrx_word' id='word_1_297' title='bbox 459 3410 509 3447; x_wconf 87' lang='lat' dir='ltr'>om.</span> <span class='ocrx_word' id='word_1_298' title='bbox 529 3403 550 3445; x_wconf 78' lang='lat' dir='ltr'><em>V</em></span> <span class='ocrx_word' id='word_1_299' title='bbox 601 3399 633 3446; x_wconf 84' lang='grc'>17</span> <span class='ocrx_word' id='word_1_300' title='bbox 658 3410 762 3462; x_wconf 89' lang='lat' dir='ltr'>opuum</span> <span class='ocrx_word' id='word_1_301' title='bbox 779 3401 807 3445; x_wconf 90' lang='grc' dir='ltr'><strong><em>Β</em></strong></span> <span class='ocrx_word' id='word_1_302' title='bbox 897 3397 929 3446; x_wconf 88' lang='lat'>18</span> <span class='ocrx_word' id='word_1_303' title='bbox 952 3392 1080 3445; x_wconf 76' lang='lat' dir='ltr'>viveres</span> 
     </span>
     <span class='ocr_line' id='line_1_38' title="bbox 65 3463 1084 3532; baseline -0.006 -13"><span class='ocrx_word' id='word_1_304' title='bbox 65 3471 99 3520; x_wconf 73' lang='lat'>20</span> <span class='ocrx_word' id='word_1_305' title='bbox 119 3463 253 3518; x_wconf 80' lang='lat' dir='ltr'>afferetur</span> <span class='ocrx_word' id='word_1_306' title='bbox 271 3474 303 3517; x_wconf 92' lang='lat' dir='ltr'><em>M</em></span> <span class='ocrx_word' id='word_1_307' title='bbox 354 3464 402 3518; x_wconf 89' lang='lat' dir='ltr'>sed</span> <span class='ocrx_word' id='word_1_308' title='bbox 422 3465 471 3519; x_wconf 83' lang='lat' dir='ltr'>del.</span> <span class='ocrx_word' id='word_1_309' title='bbox 488 3467 543 3519; x_wconf 83' lang='lat' dir='ltr'>Ba.</span> <span class='ocrx_word' id='word_1_310' title='bbox 598 3465 703 3519; x_wconf 86' lang='lat' dir='ltr'>forsam</span> <span class='ocrx_word' id='word_1_311' title='bbox 722 3473 753 3516; x_wconf 95' lang='lat' dir='ltr'><em>M</em></span> <span class='ocrx_word' id='word_1_312' title='bbox 812 3469 1013 3532; x_wconf 72' lang='lat' dir='ltr'>cavernasque</span> <span class='ocrx_word' id='word_1_313' title='bbox 1034 3472 1084 3515; x_wconf 80' lang='lat' dir='ltr'>m·</span> 
     </span>
     <span class='ocr_line' id='line_1_39' title="bbox 64 3535 710 3604; baseline 0 -13"><span class='ocrx_word' id='word_1_314' title='bbox 64 3542 99 3591; x_wconf 72' lang='lat' dir='ltr'>tc</span> <span class='ocrx_word' id='word_1_315' title='bbox 119 3535 222 3604; x_wconf 85' lang='lat' dir='ltr'>ecquid</span> <span class='ocrx_word' id='word_1_316' title='bbox 241 3547 271 3588; x_wconf 74' lang='lat' dir='ltr'>s:</span> <span class='ocrx_word' id='word_1_317' title='bbox 295 3535 393 3604; x_wconf 87' lang='lat' dir='ltr'>etquid</span> <span class='ocrx_word' id='word_1_318' title='bbox 412 3558 434 3588; x_wconf 85' lang='grc' dir='ltr'><strong>ω</strong></span> <span class='ocrx_word' id='word_1_319' title='bbox 501 3535 608 3591; x_wconf 87' lang='lat' dir='ltr'>iudices</span> <span class='ocrx_word' id='word_1_320' title='bbox 628 3550 710 3603; x_wconf 57' lang='lat' dir='ltr'>coep</span> 
     </span>
    </p>
   </div>
   <div class='ocr_carea' id='block_1_5' title="bbox 117 3631 946 3683">
    <p class='ocr_par' dir='ltr' id='par_1_13' title="bbox 117 3631 946 3683">
     <span class='ocr_line' id='line_1_40' title="bbox 117 3631 946 3683; baseline 0.027 -15"><span class='ocrx_word' id='word_1_321' title='bbox 117 3633 273 3681; x_wconf 71' lang='lat' dir='ltr'>ammaum</span> <span class='ocrx_word' id='word_1_322' title='bbox 284 3643 490 3678; x_wconf 71' lang='lat' dir='ltr'>nronuarrorrns</span> <span class='ocrx_word' id='word_1_323' title='bbox 505 3639 541 3679; x_wconf 86' lang='lat' dir='ltr'>ed.</span> <span class='ocrx_word' id='word_1_324' title='bbox 556 3639 700 3683; x_wconf 81' lang='lat' dir='ltr'>Lehnert.</span> <span class='ocrx_word' id='word_1_325' title='bbox 909 3631 946 3681; x_wconf 61' lang='grc' dir='ltr'>Ἢ</span> 
     </span>
    </p>
   </div>
   <div class='ocr_carea' id='block_1_6' title="bbox 0 0 1227 3840">
    <p class='ocr_par' dir='ltr' id='par_1_14' title="bbox 0 0 1227 3840">
     <span class='ocr_line' id='line_1_41' title="bbox 0 0 1227 3840; baseline 0 0"><span class='ocrx_word' id='word_1_326' title='bbox 0 0 1227 3840; x_wconf 95' lang='lat' dir='ltr'> </span> 
     </span>
    </p>
   </div>
  </div>
 </body>
</html>
