2408 3840
403 140 707 198 DECLAMATIONES
725 142 770 197 IX.
790 143 822 196 X.
1051 142 1115 207 407

104 315 226 373 riamur.
267 314 312 370 M.
331 313 443 371 frustra
470 314 603 370 nascitur
630 312 681 387 qui
704 314 824 370 aeterno
847 315 980 370 moritur.
1021 313 1053 370 P.
1073 314 1118 370 in-

104 402 208 461 finitus
236 403 293 460 erit
320 402 417 461 luctus
446 403 497 476 qui
520 402 635 459 nullum
662 400 751 460 finem
778 400 901 478 colligit.
943 402 988 459 Μ,
1008 421 1117 476 parvus

105 494 163 550 erit
186 491 270 550 dolor
293 493 345 566 qui
371 490 563 549 medietatem
589 492 704 566 recipit.
745 491 778 547 P.
798 491 846 547 cui
873 490 909 548 de
936 489 999 548 filio
1021 491 1118 567 magis

105 580 283 640 credendum
306 599 394 655 quem
416 577 518 656 patri?
558 580 603 637 M.
623 582 675 654 qui
697 580 793 657 magis
812 578 999 653 sollicitatur,
1021 582 1117 656 magis

78 669 242 746 eaequirit.
282 669 316 725 P.
336 669 361 727 si
379 671 517 743 venisset,
540 668 676 743 equidem
694 667 841 726 vidissem.
883 667 928 724 M.
948 668 973 727 si
996 686 1055 726 non
1074 671 1118 726 vi-

104 758 189 832 disti,
221 760 315 817 nesois
344 760 445 816 utrum
472 759 587 816 venerit
614 776 652 816 an
679 777 746 815 non.
788 758 820 814 P.
841 776 893 815 cur
920 756 958 815 ad
983 776 1031 815 me
1058 777 1117 816 nou

103 845 208 907 venit?
244 846 288 903 M.
304 846 441 905 affectum
459 847 564 904 matris
580 846 709 905 moriens
727 848 891 904 notaverat.
924 847 1053 922 gratiam
1072 864 1116 904 re-

102 937 196 995 tulit...·
225 935 272 993 illi
299 937 428 1010 primum
456 935 547 993 rediit
576 936 623 994 eui
653 935 770 1011 ereptus
801 936 852 993 est.
894 935 988 993 solve:
1017 935 1117 993 veniet

104 1027 197 1085 etiam
219 1024 259 1082 ad
280 1028 318 1082 te.
359 1026 392 1082 P.
413 1043 464 1082 cur
486 1044 545 1082 non
571 1024 602 1081 in
626 1022 695 1082 die?
734 1025 779 1081 M.
800 1043 851 1082 cur
878 1023 965 1082 stella
988 1024 1035 1082 die
1058 1043 1118 1082 non

63 1112 222 1191 refulget?
250 1115 304 1173 lux
326 1113 358 1171 in
387 1113 452 1172 luce
482 1131 542 1172 non
572 1113 757 1172 discernitur.
803 1114 836 1170 P.
856 1132 909 1172 our
931 1114 1028 1188 prima
1058 1132 1117 1172 non

104 1205 188 1261 venit
205 1200 313 1262 nocte?
348 1203 392 1260 M.
412 1201 516 1261 infelix
533 1204 626 1277 tenui,
644 1223 680 1260 ne
700 1204 840 1279 surgeret,
881 1202 914 1259 P.
934 1204 1032 1260 inanis
1052 1220 1116 1278 per-

105 1294 204 1351 suasio
228 1291 516 1368 excogitationibus
544 1295 611 1349 orta
636 1294 708 1349 erat.
749 1292 794 1349 Μ.
814 1290 910 1350 adhuc
933 1293 1060 1349 oriretur
1087 1293 1117 1349 et

104 1380 200 1440 videri
222 1382 330 1456 posset.
370 1380 404 1437 Ρ.
423 1382 572 1440 maternos
594 1380 754 1438 territabat
773 1378 971 1454 inquietando
990 1397 1115 1438 somnos.

103 1471 150 1528 M.
165 1489 182 1528 ο
196 1470 315 1545 paterni
333 1469 467 1528 affectus!
491 1464 686 1546 exi<ti>cium
699 1469 796 1526 filium
814 1468 913 1526 videre
932 1470 1042 1526 timuit.
1082 1469 1116 1526 P.

62 1581 89 1621 ie
105 1578 160 1636 ego
183 1559 274 1616 etiam
295 1577 387 1632 aeque
410 1557 534 1634 perdidi.
575 1558 620 1616 Μ.
640 1576 674 1614 ex
698 1577 757 1632 quo
776 1557 940 1633 perdidisti,
963 1577 1117 1632 nunquam

104 1647 178 1706 adeo
192 1646 375 1721 desiderasti,
393 1651 427 1705 ut
444 1646 567 1705 videres
603 1647 636 1704 P.
652 1647 797 1705 somnium
816 1649 861 1705 est
880 1646 959 1722 quod
977 1649 1116 1722 quereris.

104 1738 150 1795 M.
169 1740 240 1796 esto.
282 1735 430 1812 quidquid
459 1735 497 1794 ad
525 1736 706 1794 miserrimos
735 1737 878 1812 pertinet,
908 1754 942 1793 eo
971 1736 1117 1794 crudelius

104 1825 231 1901 eripitur
261 1844 319 1899 quo
341 1827 439 1884 minus
463 1827 515 1884 est.
556 1826 589 1882 P.
608 1843 668 1882 non
691 1831 735 1883 est
757 1827 888 1899 tantum,
911 1828 945 1882 ut
967 1825 1016 1883 hic
1038 1827 1116 1884 trao-

103 1914 230 1972 tandum
252 1915 298 1973 sit.
340 1913 385 1971 M.
405 1916 431 1971 si
454 1933 546 1988 aeque
570 1912 683 1972 doleres
706 1917 852 1988 quantum
875 1914 959 1988 esset,
982 1916 1115 1973 sentires.

60 2023 91 2065 so
104 2004 152 2061 vis
176 2002 276 2060 audire
304 2002 383 2077 quod
413 2002 522 2061 sentire
552 2020 611 2060 non
639 1999 744 2077 potes?
785 2002 860 2060 nihil
888 2001 923 2060 de
953 2001 1029 2076 filio,
1059 2001 1116 2060 nisi

104 2091 186 2150 diem
203 2091 395 2167 perdideram.
437 2091 605 2149 venientem
622 2109 682 2149 non
702 2091 849 2167 lugebam.
891 2092 924 2148 P,
943 2094 1047 2149 contra
1064 2110 1115 2148 na-

103 2184 203 2240 turum
227 2182 298 2256 agis.
341 2180 511 2239 defunctum
533 2180 629 2238 redire
649 2179 740 2256 cupis.
781 2180 826 2237 Μ,
847 2177 938 2253 quid?
962 2182 1043 2239 cuius
1068 2198 1115 2238 ars

103 2271 209 2329 contra
230 2272 370 2328 naturam
393 2272 523 2344 constat,
551 2289 589 2328 an
610 2270 728 2342 metris,
757 2287 795 2326 an
819 2266 919 2344 magi?
959 2269 992 2326 P.
1012 2272 1046 2327 ut
1069 2289 1115 2326 me

103 2359 231 2434 solvam,
259 2361 314 2417 aut
336 2358 411 2416 nihil
434 2362 479 2419 est
502 2359 594 2416 animi
617 2358 702 2416 nobis
726 2376 744 2415 a
766 2360 860 2415 morte
888 2358 1037 2432 relictum,
1064 2360 1120 2439 aut

61 2469 89 2509 re
104 2466 183 2528 mors
200 2448 267 2524 ipsa
285 2447 368 2505 nihil.
405 2447 450 2504 M.
466 2445 559 2523 quid?
590 2447 779 2523 philosophia
797 2449 941 2505 evacuata
957 2444 1022 2505 est?
1044 2467 1116 2504 num

104 2538 204 2596 anima
226 2537 404 2595 immortalis
431 2534 496 2595 est?
536 2555 596 2595 non
618 2538 718 2612 potest
745 2554 813 2594 cum
836 2554 957 2611 corpore
985 2536 1115 2610 interire,

104 2645 123 2684 a
153 2646 211 2701 qua
241 2643 346 2701 corpus
376 2618 556 2684 fabricatum
585 2627 637 2683 est.
684 2626 718 2683 P.
739 2627 809 2683 esto.
854 2624 1032 2683 immortalis
1062 2628 1114 2683 est.

103 2715 215 2774 includi
234 2733 304 2791 ergo
323 2733 382 2772 non
401 2716 506 2791 potest.
547 2715 592 2772 M.
612 2732 664 2772 eur
681 2716 777 2791 igitur
794 2733 899 2790 magus
919 2715 1031 2778 accitus
1050 2712 1115 2773 est?

103 2803 136 2861 P.
156 2822 214 2878 quo
237 2803 357 2862 vinculo
380 2803 511 2862 inclusus
534 2800 599 2862 est?
622 2802 676 2861 ubi
694 2800 818 2862 catena?
841 2802 893 2861 ubi
915 2801 1028 2862 moles?
1070 2804 1114 2860 M.

63 2912 90 2952 ro
105 2911 163 2967 quo
186 2892 282 2970 magis
306 2891 471 2951 evocandus
490 2894 555 2951 erat
577 2893 716 2973 carmine,
740 2910 798 2966 quo
814 2892 880 2951 'solo
898 2893 994 2952 teneri
1016 2894 1116 2968 potest

104 2981 248 3056 quicquid
271 2999 324 3057 per
342 2999 373 3039 se
391 2981 561 3058 intelligens
580 2983 632 3039 est.
674 2981 739 3055 scis,
764 2980 836 3055 quid
854 2981 960 3055 fecisti,
983 2981 1113 3039 omnium

173 3175 191 3221 4
209 3168 270 3237 qui:
290 3185 363 3238 quae
381 3177 427 3221 vn
484 3174 498 3221 7
518 3172 635 3222 noverat
647 3177 699 3220 BV
755 3173 771 3220 8
791 3166 867 3220 salve
882 3177 909 3220 Ρ
961 3174 976 3221 9
997 3171 1025 3222 et
1041 3177 1117 3221 nm

103 3245 136 3293 10
159 3239 282 3309 refulget
302 3248 343 3306 nr
365 3238 441 3292 lucet
459 3247 511 3291 BV
616 3245 648 3291 14
671 3238 792 3292 exicium
814 3247 900 3305 NB,
924 3239 1054 3307 equidem
1075 3248 1114 3305 133

101 3310 216 3366 elicium
230 3312 299 3379 Bo,
315 3310 447 3380 exiguum
457 3309 505 3377 H.;
519 3311 681 3365 corr.Klotc
732 3315 765 3362 22
780 3310 849 3378 quid
863 3326 913 3363 om.
927 3319 954 3362 P
1002 3315 1035 3363 23
1050 3327 1113 3364 con-

101 3383 177 3436 stitit
199 3391 245 3435 VB
321 3399 357 3435 an
376 3382 474 3435 matris
493 3398 543 3436 om.
560 3391 586 3434 P
655 3386 689 3434 25
709 3380 775 3435 iude
791 3397 811 3434 a
828 3380 902 3449 quid
917 3384 1015 3434 onata
1030 3397 1088 3432 oua.
1099 3391 1126 3429 ι·

98 3460 134 3505 26
147 3455 246 3520 potest
263 3469 323 3507 esse
342 3469 477 3523 corporea
492 3454 563 3525 quia
579 3464 605 3510 κ
681 3460 717 3509 31
737 3454 900 3523 uuimuam
914 3466 969 3519 eeu
984 3464 1021 3500 se
1032 3445 1149 3498 turran-

83 3536 158 3586 gens
175 3531 206 3574 11
