2408 3840
140 139 202 202 118
464 136 639 192 CORPORIS
656 136 825 194 PROIECTI

137 307 210 364 haec
234 307 333 366 omnia
355 325 415 365 non
438 306 565 383 gemitus
588 307 666 366 ullus
689 309 808 382 matris,
830 326 891 366 non
912 308 1067 381 lacrimae,
1090 326 1147 366 non

138 400 267 472 questus.
312 398 399 471 putes
428 394 585 471 adpulsum
608 395 647 455 ad
673 396 745 455 litus
769 396 900 472 aliquem
923 414 985 456 essa
1011 396 1147 473 piratam

137 483 215 542 unde
242 484 320 542 hunc
346 484 394 542 illi
421 482 574 543 animum?
619 485 644 543 si
670 486 750 543 mala
780 504 835 544 sua
862 485 930 544 ideo
960 503 1019 544 non
1050 486 1149 559 sentit,

139 572 209 648 quia
231 592 290 631 non
313 573 407 648 videt,
431 575 461 632 et
483 573 538 632 hoo
560 573 632 631 boni
655 576 782 633 caecitas
804 574 909 649 habet,
932 577 1018 632 cruat
1040 573 1149 650 aliquis

138 662 237 721 oculos
260 680 348 720 meos
387 664 413 721 si
435 663 574 721 tenebrae
597 665 727 738 eorporis
751 663 917 722 adfectibus
940 682 1000 722 non
1021 662 1149 738 obstant
1173 681 1184 723 s

71 807 75 814 .
138 754 220 810 estne
242 751 315 810 haee
337 769 411 810 uxor
433 749 520 809 mea?
544 753 626 810 estne
648 751 700 810 ille
722 752 802 811 filius
825 749 949 811 noster?
983 751 1075 811 liceat
1099 752 1150 810 du-

136 839 246 914 bitare,
273 839 299 898 si
322 839 387 898 fieri
408 841 521 915 potest,
549 844 580 899 et
603 858 673 899 sane
696 841 829 899 viriam
852 840 1063 900 dinoscendam
1086 859 1150 916 spe·

137 929 211 987 ciem
244 929 377 988 vetustas
411 929 548 1005 reliquit,
584 929 635 988 sed
667 929 795 989 adtritae
831 947 936 988 manus
973 932 1004 988 et
1034 930 1152 988 tumida

135 1019 265 1094 vestigia
291 1018 477 1077 vinculorum
508 1019 538 1076 et
565 1017 650 1077 testis
677 1019 784 1095 longae
813 1019 999 1094 captivitatis
1031 1020 1151 1093 macies,

135 1107 268 1166 infelicia
282 1109 467 1184 argumenta,
481 1108 677 1166 consentiunt.
705 1109 845 1166 miserum
858 1107 919 1166 me!
938 1109 1036 1167 certus
1049 1108 1151 1167 luctus
1164 1128 1189 1168 so

136 1200 188 1254 cst.
234 1195 330 1253 filium
353 1214 490 1273 agnosco,
512 1216 635 1255 uxorem
657 1215 717 1255 non
740 1215 877 1274 agnosco.

202 1285 282 1362 Ergo
306 1286 447 1360 quoniam
469 1285 505 1343 de
528 1285 592 1344 iure
614 1286 732 1362 longior
754 1304 856 1363 pugna
879 1287 932 1361 est,
955 1284 1041 1344 nobis
1064 1285 1150 1345 festi·

135 1373 266 1432 nandum
289 1376 347 1432 est:
374 1375 435 1432 sint
456 1375 570 1448 primae
593 1393 714 1450 precum
738 1376 847 1450 partes.
893 1374 993 1433 adeste
1015 1373 1151 1433 universi

135 1464 291 1538 utriusque
318 1480 402 1521 sexus
429 1465 581 1538 parentes,
613 1463 684 1521 dum
710 1466 837 1522 matrem
863 1465 897 1521 in
924 1463 1063 1538 exequias
1094 1462 1151 1520 filii

134 1568 215 1628 rogo.
260 1569 314 1627 per
334 1552 558 1610 matrimonium
584 1554 614 1610 te
637 1555 724 1611 vetus
747 1555 778 1611 et
799 1572 854 1628 per
875 1554 1011 1610 mutuam
1038 1551 1190 1612 carita-1⁶

134 1642 196 1699 tem
215 1659 291 1716 quae
309 1641 429 1716 utrique
448 1643 583 1699 nostrum
600 1659 710 1717 magno
729 1644 854 1716 constat,
873 1639 977 1714 adicis,
998 1659 1052 1717 per
1070 1657 1151 1700 com·

134 1748 223 1787 muns
250 1730 371 1806 pignus,
398 1749 452 1805 per
479 1748 571 1788 annos
598 1731 712 1806 pariter
740 1733 834 1804 actos,
866 1732 896 1788 et
922 1728 1066 1788 beneficio
1094 1728 1152 1788 filii

134 1819 248 1894 plures,
280 1837 333 1894 per
359 1837 458 1877 meum
485 1818 516 1875 in
544 1821 574 1877 te
607 1819 794 1895 obsequium,
826 1821 887 1877 iam
917 1819 977 1876 mei
1008 1820 1150 1877 miserere

135 1909 218 1965 cuius
246 1907 329 1965 soles.
376 1907 460 1967 crede
488 1907 574 1982 mihi,
601 1909 658 1966 hoc
681 1908 760 1984 quod
782 1908 891 1984 patior,
919 1925 1035 1966 carcere
1064 1907 1150 1983 psius

135 1997 189 2070 est,
213 1996 389 2072 captivitate
412 1996 568 2055 crudelius.
610 2016 677 2055 mea
699 1997 759 2056 ista
780 2016 877 2072 poena
900 1998 952 2054 est.
995 1995 1068 2071 quid
1092 1996 1150 2055 tibi
1164 2016 1189 2056 sc

134 2087 253 2144 tantum
271 2085 344 2143 mali
362 2083 440 2144 feci?
477 2084 549 2161 quid
566 2083 696 2144 offendi?
731 2087 810 2144 certo
829 2104 884 2163 ego
903 2088 932 2143 te
951 2103 1011 2143 non
1029 2084 1149 2162 reliqui

100 2173 117 2228 9
203 2174 268 2232 Iam
295 2176 321 2234 si
345 2176 443 2235 totum
470 2174 619 2233 adfectum
645 2175 678 2232 in
704 2175 782 2232 hunc
809 2175 1018 2249 consumpsisti
1040 2173 1150 2248 virum,

135 2267 165 2322 et
183 2263 278 2322 omnis
296 2283 349 2340 per
367 2263 467 2322 oculos
485 2262 688 2322 misericordia
707 2264 831 2336 effluxit,
852 2263 957 2321 tulerit
975 2280 1046 2333 sanc
1068 2262 1150 2322 filius

133 2354 235 2411 noster
256 2355 363 2412 merito
385 2370 506 2428 poenas,
529 2352 644 2412 dederit
666 2352 805 2428 spiritum
823 2351 978 2427 supplicio.
1015 2352 1096 2410 nihil
1115 2352 1150 2411 da

133 2441 303 2517 praeteritis
321 2442 491 2516 loquamur3
513 2435 607 2520 [quod
625 2442 791 2517 postulavit
805 2438 906 2500 Cicero
926 2441 1018 2498 etiam
1037 2440 1076 2499 ab
1095 2441 1148 2502 illo
1162 2460 1187 2501 ss

205 2668 222 2715 4
240 2662 312 2717 vidit
329 2672 357 2716 Β
427 2665 506 2717 eruet
527 2672 549 2716 v
617 2668 633 2715 o
652 2662 690 2716 si:
710 2662 759 2716 sed
778 2674 843 2727 scm
914 2668 931 2716 8
951 2662 1088 2718 adtritae:
1110 2667 1151 2719 at-

133 2734 233 2789 triciae
253 2744 285 2788 M
363 2741 395 2789 12
415 2750 481 2804 ergo
499 2751 558 2804 exp.
573 2751 646 2788 mssa.
662 2738 679 2787 3
697 2734 798 2789 codicis
816 2744 843 2786 Ρ
921 2739 955 2788 13
978 2739 1108 2804 precium
1127 2745 1153 2789 Ρ

136 2812 168 2859 16
192 2805 268 2859 adici
287 2818 327 2859 ao
397 2811 430 2859 18
453 2805 619 2875 opsequium
638 2814 666 2858 B
735 2805 866 2860 miserere
888 2805 944 2859 mei
968 2805 1047 2859 cuius
1067 2816 1102 2858 Μ

136 2882 168 2931 19
188 2877 273 2931 soles:
288 2877 375 2931 solius
385 2886 444 2930 ΒΜ
456 2879 497 2947 (io
510 2894 596 2947 scarp.
610 2876 656 2929 vel
669 2876 748 2930 cuius
763 2876 835 2931 soles
850 2876 925 2945 quod
938 2876 1040 2930 melius
1054 2880 1101 2931 est
1109 2879 1150 2944 m)

135 2955 167 3002 21
187 2948 309 3020 relidqui
327 2957 355 3001 Β
426 2954 459 3002 22
478 2947 692 3017 consumpsisti:
707 2948 871 3030 ,consumpti
888 2957 927 3014 Β,
951 2948 1115 3017 consumpsi
1133 2959 1151 3000 ι

135 3061 169 3109 24
188 3055 332 3120 necessa
404 3054 520 3125 supnuo
535 3063 574 3120 a
593 3037 721 3123 supplied
741 3063 774 3107 n
833 3053 916 3108 nhil:
938 3072 958 3106 n
976 3062 1011 3122 s,
1029 3053 1150 3108 senna

133 3128 166 3180 irs
183 3144 237 3182 ras.
330 3133 363 3182 25
374 3144 429 3196 sqq,
448 3127 530 3181 verba
552 3127 660 3180 inclusa
683 3143 716 3180 ex
735 3127 789 3181 Cic.
806 3127 879 3180 Verr.
895 3129 1076 3191 5,117-119
1095 3142 1150 3181 esso

134 3198 294 3269 deprompto
314 3199 371 3253 iam
389 3198 496 3253 owrmit
513 3197 588 3262 Scb„
606 3198 640 3263 cf.
656 3197 734 3252 Desa.
746 3215 775 3266 p.
787 3202 832 3263 84,
850 3196 889 3249 Η.
904 3197 1001 3264 philol.
1017 3197 1150 3252 Woeaen·

133 3272 212 3337 sehr„
230 3287 315 3339 neque
332 3270 459 3340 credebile
478 3269 684 3323 declamationis
701 3271 857 3337 scriptorem
874 3269 965 3336 ipsam
983 3272 1041 3322 tom
1057 3269 1151 3337 inepte

135 3341 273 3397 Ciceronis
295 3343 383 3397 verbis
405 3358 487 3396 osona
509 3357 576 3406 esse,
598 3340 645 3394 sad
663 3341 745 3395 etiam
762 3340 844 3395 verba
862 3340 894 3392 tu
911 3338 1150 3422 vende-habeo

134 3465 233 3502 manus
248 3467 278 3518 p.
294 3453 357 3515 119,
367 3452 439 3503 5-7
457 3465 525 3502 nam
542 3447 600 3502 sint
617 3447 747 3518 pecuina,
766 3446 869 3514 aliquis
887 3444 991 3501 dubitet
1050 3450 1084 3499 25
1104 3429 1151 3514 ed-

134 3535 196 3574 cero
219 3529 241 3573 v
309 3519 395 3574 etiam
413 3536 464 3574 om.
479 3531 500 3572 o
