2408 3840
397 156 634 212 oeconomio
653 157 739 212 XVII.
1009 155 1076 221 423

55 326 148 383 timet
176 324 356 401 deprehendi
387 328 522 403 quisquis
552 346 699 386 venenum
730 329 819 403 parat
847 327 912 402 ipse
941 329 1075 404 poturus.

56 415 163 487 nescis,
180 417 275 489 pater,
294 417 398 490 nescis,
415 415 624 492 -parricidii
642 417 715 494 agis.
753 417 918 475 exclamare
936 415 992 475 hoc
1010 416 1076 475 loco

55 521 192 578 possum:
221 502 285 563 fieri
313 523 373 564 non
402 508 510 580 potest.
557 507 675 580 patrem
707 504 782 563 mihi
811 504 971 565 abstulisti.
1015 522 1077 565 non

56 591 149 651 habet
177 595 264 667 pater
299 593 378 654 unde
411 595 593 671 parricidam
622 593 724 654 credat
752 593 861 667 filiuni,
895 594 954 673 nisi
988 613 1077 669 quem

29 681 158 757 spotuit
189 682 329 742 occidere.
371 702 449 742 nunc
477 682 680 760 quaerendum
714 686 760 742 est
789 702 842 743 cur
871 664 971 758 potuit
1002 682 1075 742 fieri.

57 770 90 828 P.
111 788 145 828 eo
169 771 249 845 quod
272 772 356 831 volui
384 772 528 832 abdicare.
570 774 607 831 F.
627 774 712 848 atqui
737 790 823 848 posse
851 770 975 832 desiisti.
1016 791 1077 831 non

57 859 201 934 sequitur,
219 863 314 935 pater,
333 864 367 919 ut
386 881 432 920 me
450 863 511 922 tuis
529 880 648 921 accuses
669 862 850 922 criminibus.
889 879 963 936 quas
981 863 1076 935 parri·

57 947 130 1007 cidii
148 952 290 1024 praemisi
307 948 415 1010 notas?
450 950 561 1011 nullius
578 951 696 1010 sceleris
714 951 876 1026 praecessit
894 951 1076 1027 malignitas.

58 1038 233 1096 aestimetur
261 1039 339 1098 unde
368 1040 510 1100 facinoris
542 1042 608 1099 tam
637 1040 750 1100 subitas
784 1039 934 1098 induerim
964 1057 1076 1104 causas.

18 1125 147 1185 rofidem
176 1146 237 1185 non
266 1129 362 1204 capit,
391 1131 426 1187 ut
455 1133 515 1189 tres
543 1130 744 1190 absolutiones
774 1131 805 1188 et
834 1129 1023 1188 innocentem
1047 1131 1077 1187 et

56 1215 239 1291 parricidam
262 1216 401 1277 efficiant.
447 1237 513 1292 cur,
535 1220 672 1293 inquam,
696 1219 796 1292 potuit
818 1215 903 1276 fieri?
944 1217 977 1275 P.
997 1216 1076 1292 quod

58 1302 95 1363 de
112 1307 291 1366 testamento
310 1306 427 1383 aliquid
444 1307 592 1382 sperabas.
633 1308 670 1366 F.
690 1307 763 1382 quid
781 1324 905 1381 sperem,
924 1305 956 1364 P.
977 1304 1017 1379 0.
1041 1306 1077 1366 de

57 1393 218 1469 parricidio
237 1414 302 1454 meo
320 1397 432 1456 totiens
446 1396 571 1469 delatus,
589 1397 701 1456 totiens
719 1398 846 1472 paterna
865 1397 1076 1472 conquestione

56 1483 199 1558 perditus.
241 1484 360 1543 defendi
390 1505 450 1545 non
479 1489 629 1560 poteram,
659 1487 685 1545 si
707 1485 832 1545 bibisses
861 1487 898 1544 tu
921 1503 1075 1544 venenum.

16 1588 42 1631 1⁶
55 1570 136 1650 finge
161 1574 263 1632 tamen
290 1592 423 1648 oausam,
452 1573 530 1652 finge
553 1575 725 1634 utilitatem.
767 1593 846 1633 nunc
874 1574 1077 1649 quaerendum

56 1663 102 1720 est
126 1662 274 1736 quomodo
293 1662 358 1720 fieri
376 1663 483 1739 potuit.
525 1664 696 1723 ministrum
718 1682 779 1722 non
796 1663 900 1739 habeo,
924 1665 1076 1723 conscium

55 1769 117 1808 non
135 1752 262 1811 invenio.
305 1752 451 1826 quomodo
470 1752 535 1811 fieri
553 1751 673 1828 potuit?
714 1754 747 1812 P.
767 1752 907 1829 sperabas
926 1754 990 1828 ipse
1008 1771 1076 1828 por-

55 1840 162 1915 rigere.
199 1841 235 1898 P.
255 1859 272 1898 ο
292 1859 383 1915 quam
401 1842 498 1901 facilis
517 1837 645 1901 mihl‘ad
661 1845 729 1901 tuos
749 1844 903 1902 convictus
921 1840 1077 1901 accessus?
1095 1881 1096 1885 ,

56 1926 214 2002 quomodo,
236 1931 369 2004 inquam,
391 1930 457 1989 fieri
478 1929 602 2006 potuit?
643 1931 676 1988 P.
697 1931 874 2006 quandoque
897 1933 1075 2006 pervenires.

15 2034 42 2075 so
55 2016 186 2082 flesto.
226 2037 373 2078 venenum
395 2022 474 2079 certe
497 2019 617 2095 putabis
642 2020 785 2095 quicquid
807 2021 864 2079 hae
888 2021 1075 2095 porrexerint

55 2123 170 2164 manus.
212 2108 359 2182 quomodo
377 2108 441 2167 fieri
459 2107 580 2184 potuit?
621 2108 654 2166 P.
668 2109 852 2184 ,quandoque
873 2108 1074 2184 persuaderes.

54 2195 92 2253 Γ.
113 2193 193 2254 cedo.
235 2197 319 2270 atqui
343 2216 429 2256 omne
456 2199 538 2257 virus
566 2199 620 2256 aut
642 2197 740 2257 subito
765 2197 889 2273 corripit
916 2201 969 2256 aut
992 2199 1075 2256 lenta

54 2285 139 2358 peste
168 2287 322 2345 consumit.
364 2288 391 2345 si
417 2289 548 2362 primum
580 2285 701 2361 dedero,
732 2288 835 2346 statim
865 2286 1075 2361 deprehendor‚

56 2373 82 2431 si
112 2373 287 2448 secundum,
316 2395 363 2433 me
393 2395 465 2451 prae
495 2377 600 2436 ceteris
630 2375 751 2435 deferes.
798 2375 958 2449 attendite,
981 2375 1014 2432 P.
1035 2373 1075 2450 d,

16 2479 42 2519 ss
56 2460 211 2538 attendite,
231 2465 285 2538 qui
302 2464 387 2541 mori,
406 2466 465 2524 nisi
484 2465 696 2541 deprehendor‚
719 2484 780 2523 non
797 2482 927 2540 possum,
951 2465 1000 2524 cui
1022 2483 1075 2540 pa-

55 2568 123 2610 rare
145 2570 293 2612 venenum
315 2551 456 2629 possum?
497 2556 559 2614 iam
577 2553 653 2614 silet.
694 2555 757 2613 iam
775 2573 835 2612 non
853 2552 965 2612 sufficit
987 2571 1005 2611 a
1028 2574 1075 2613 me

55 2638 212 2716 depulsum
235 2660 297 2701 esse
321 2643 424 2717 scelus,
446 2642 506 2703 nisi
528 2646 558 2703 et
574 2643 633 2703 tibi
656 2645 831 2722 assignetur.
871 2645 906 2701 tu
930 2661 1000 2721 ergo
1024 2661 1076 2701 cur

54 2747 116 2787 non
134 2729 286 2789 effudisti?
326 2732 359 2789 P.
380 2732 459 2807 quod
478 2735 509 2792 te
527 2733 604 2793 velle
622 2733 698 2792 mori
716 2751 776 2791 non
799 2731 917 2791 credidi.
959 2733 996 2791 F.
1015 2751 1076 2791 non

55 2817 210 2878 credidisti
228 2823 259 2878 et
277 2822 410 2894 noluisti,
429 2824 482 2880 aut
500 2840 560 2880 uon
574 2821 728 2882 credidisti
745 2826 775 2880 et
793 2822 925 2880 voluisti.
966 2816 1000 2879 P.
1015 2839 1076 2880 non

15 2923 41 2966 so
54 2906 169 2966 credidi
197 2911 227 2966 et
256 2910 347 2968 nolui.
389 2910 426 2969 F.
446 2912 532 2985 atqui
558 2930 618 2970 non
645 2910 792 2971 credentis
820 2913 850 2970 et
877 2911 1006 2971 nolentis
1029 2912 1076 2969 est

54 3014 109 3056 nec
137 2996 284 3058 effundere
314 3017 368 3058 nec
398 2998 511 3059 offerre.
557 3019 616 3060 non
644 3001 790 3060 credentis
819 3003 849 3059 et
874 2999 1001 3060 volentis
1030 3002 1076 3059 est

129 3184 220 3238 7tuis
239 3203 290 3241 orn.
306 3195 333 3239 P
416 3187 610 3255 8promisi1’
691 3193 723 3241 10
743 3188 835 3256 capud
855 3197 882 3241 Ρ
962 3193 993 3239 11
1014 3185 1076 3240 affi-

53 3255 134 3309 ciant
158 3264 203 3308 rt
296 3264 328 3311 15
348 3272 447 3311 causas
470 3267 515 3317 w
605 3264 638 3312 18
658 3259 820 3313 convinctus
840 3268 867 3312 Ρ
954 3262 988 3311 20
1007 3257 1073 3310 hae:

53 3340 157 3380 caecae
176 3337 203 3381 Ρ
287 3334 319 3382 22
340 3330 390 3382 aut
404 3329 487 3398 prius
504 3346 554 3384 ool.
574 3339 620 3383 VB
708 3330 862 3399 corrumpit
880 3351 915 3395 ως
934 3345 1002 3385 corr.
1018 3330 1074 3383 Bc.

52 3403 89 3451 23
103 3400 196 3466 peste:
210 3414 263 3468 pra
277 3408 324 3452 VB
376 3405 408 3454 25
423 3400 492 3456 nisi:
507 3417 565 3456 non
582 3411 628 3456 m
684 3400 885 3474 deprebenbar
901 3410 926 3453 ι»
978 3404 1020 3448 ‘lb
1030 3412 1098 3446 uou-

42 3485 161 3534 possum
176 3478 258 3521 am
308 3471 432 3527 27m's1‘:
453 3473 505 3531 ubi
524 3477 664 3548 V3vestri
680 3486 707 3531 B
762 3480 803 3530 bb
823 3473 898 3543 quia
911 3478 964 3522 VB
1018 3469 1062 3513 Ἃ
1075 3472 1119 3507 ffi

36 3534 137 3586 offerre
162 3546 208 3588 Vn
278 3546 400 3616 31-p.
418 3551 508 3606 4241.
527 3556 544 3607 1
562 3569 626 3608 non
647 3550 757 3608 offerre
778 3565 838 3605 oso.
854 3552 906 3598 VB
