2408 3840
394 133 627 190 DEOLAMATIO
646 134 697 189 XV
713 140 824 189 10-12.
1048 135 1110 200 287

100 320 196 378 nsque
214 303 247 360 in
263 303 452 362 monstruosa
468 297 660 363 fecunditatis
674 322 764 363 onera
780 302 932 380 perlatos?
967 324 1002 364 ex
1015 305 1114 385 ‚emni-

100 392 158 451 bus
180 394 283 450 tamen
306 410 382 467 quae
404 391 490 452 nobis
512 392 695 468 patientibus
719 394 874 468 extorquet
901 393 1036 469 affectus,
1058 395 1114 453 hoc

101 481 310 541 aavasimum
336 481 480 556 patimur,
508 480 586 556 quod
613 500 699 542 nemo
726 481 793 541 vult
819 483 852 539 in
880 501 978 542 amore
1007 485 1113 542 sanari.

171 564 249 648 ‘Ego
275 565 401 644 tamen‚'
424 569 536 645 inquit,
560 565 670 628 ‘amare
699 566 840 629 mallem?
885 572 942 631 hoc
968 575 1115 651 estange,

76 660 227 737 epropter
249 658 329 733 quod
351 677 424 734 opus
448 658 516 718 odio
539 659 606 718 tuit.
652 659 728 718 nibil
751 659 880 737 agebant
904 661 1114 738 castigationes

100 767 157 808 neo
179 765 295 824 preces,
322 747 446 806 consilia
467 748 638 823 perdebant.
685 749 753 808 odio
776 749 863 808 debet
886 751 1001 809 amator
1023 751 1115 826 expli·

101 837 164 896 cari
190 855 279 912 quem
305 840 393 896 sanat
415 836 562 896 adamata.
606 836 790 916 interrogare
812 840 843 897 te
865 838 921 897 hoc
944 839 1010 898 loco
1033 839 1115 913 libet,

100 923 250 1001 numquid
264 927 400 986 ammam
414 944 529 1003 posses,
547 925 667 1001 siquod
684 927 756 986 fecit
773 927 987 986 medicamento
1004 928 1115 1004 puella,

100 1015 223 1074 fecisset
250 1012 370 1074 animo?
414 1014 500 1073 licuit
530 1018 560 1074 te
587 1033 751 1092 reposcere,
785 1019 930 1092 quantum
960 1037 1115 1076 numerare

64 1121 164 1163 senon
185 1105 319 1179 poteras,
346 1104 493 1180 fastidire,
517 1107 710 1164 contemnere.
755 1106 817 1163 iam
843 1105 1008 1182 indignaris
1037 1105 1115 1182 quod

101 1196 135 1252 a
161 1193 271 1251 maluit
301 1192 430 1252 remedio
458 1212 548 1268 quam
574 1193 675 1252 dolore
707 1196 815 1253 sanari
860 1194 968 1253 mulier
998 1197 1046 1254 eui
1078 1194 1115 1254 ad

103 1281 317 1341 dimittendum
343 1299 474 1341 amorem
502 1281 680 1357 sufficiebat,
707 1285 743 1341 ut
769 1283 892 1356 odisset,
919 1285 985 1362 ipsa
1007 1303 1062 1359 pro
1084 1286 1115 1343 te

103 1371 273 1430 commenta
296 1373 349 1444 est,
372 1371 513 1430 utillum
535 1375 569 1430 tu
590 1373 691 1448 potins
714 1371 832 1431 odisses.
869 1371 948 1450 finge
966 1375 996 1431 te
1014 1376 1115 1432 tamen

103 1460 209 1535 aliqua
230 1457 353 1518 remedii
374 1461 421 1518 tui
445 1459 553 1519 sentire
576 1463 738 1535 tormenta,
760 1461 1006 1539 adrogantissimo
1028 1463 1115 1521 mise-

64 1567 91 1608 re
102 1567 219 1622 rorum,
242 1550 276 1607 tu
299 1550 399 1607 autem
417 1549 555 1625 sperabas
578 1549 692 1609 ardoris
713 1550 855 1610 inmodici
873 1551 989 1610 felicem
1013 1552 1116 1610 statim

104 1637 275 1698 sanitatem.
321 1636 405 1713 quid,
437 1638 463 1696 si
495 1642 636 1713 queratur
666 1657 754 1716 aeger
785 1639 983 1698 abstinentiae
1015 1640 1116 1699 dolore

104 1723 251 1787 sanatus?
295 1744 417 1785 excussa
439 1731 509 1787 sunt
530 1728 704 1804 plerumque
727 1729 933 1806 languentium
954 1729 1029 1787 vitia
1051 1747 1116 1788 ver-

104 1814 236 1889 beribus,
255 1815 407 1890 redempta
425 1815 578 1876 debilitate
596 1817 668 1891 vita,
690 1817 818 1894 ignibus,
837 1817 1006 1877 vulneribus
1025 1820 1116 1878 inter-

105 1905 178 1964 dum
200 1904 358 1981 proditura
380 1907 515 1982 grassata
538 1909 615 1981 sunt,
639 1910 763 1981 atquae
786 1907 913 1966 fuissent
934 1908 1015 1966 mela
1038 1910 1115 1966 sani-

64 1995 194 2068 naus,
224 1993 256 2050 in
284 1992 412 2070 gratiam
438 1994 634 2054 remediorum
661 1995 698 2054 de
728 1995 851 2054 maioris
882 1995 1007 2072 periculi
1038 2015 1115 2055 com·

104 2082 264 2160 paratione
286 2081 443 2141 redierunt.

173 2171 233 2228 Vix
254 2171 419 2230 mehercule
442 2173 611 2249 contingere
633 2175 740 2248 potest,
762 2176 798 2231 ut
814 2173 924 2231 hilares
943 2173 980 2231 ab
998 2173 1054 2232 bac
1072 2174 1116 2231 in-
1131 2175 1168 2230 12

104 2261 255 2339 patientia
285 2260 416 2335 laetique
448 2260 601 2320 discedant
631 2280 706 2338 quos
738 2262 846 2338 pudor,
879 2279 952 2336 quos
984 2264 1116 2337 satietas,

107 2368 183 2427 quos
209 2350 409 2424 paenitentiae
435 2349 514 2409 ratio
542 2349 676 2410 dimittit.
722 2369 775 2409 nec
798 2352 861 2410 sine
889 2351 990 2425 aliquo
1016 2370 1117 2410 morsu

64 2440 241 2499 arusilitur
268 2457 286 2496 a
312 2438 399 2497 malis
427 2457 502 2517 quae
525 2439 680 2515 voluptate
706 2440 873 2498 tenuerunt.
918 2441 1027 2499 iterum
1054 2460 1116 2499 ma·

106 2528 183 2587 teria
206 2529 314 2586 amoris
337 2530 390 2600 est,
412 2522 544 2587 desinere
567 2548 620 2588 nec
639 2529 731 2604 queri.
768 2547 842 2604 opus
860 2529 919 2587 fuit
936 2530 1003 2605 pari
1022 2529 1118 2589 diver·

179 2758 194 2804 1
210 2749 317 2805 honera
329 2758 351 2801 v
400 2755 416 2803 2
431 2766 504 2818 quae
517 2749 612 2805 nobis:
627 2767 710 2819 quem
724 2753 788 2821 (que
798 2753 838 2822 nt)
851 2752 895 2806 bis
906 2755 1030 2823 andorn
1040 2755 1081 2822 n)

107 2821 271 2892 patentibus
284 2829 374 2888 ΙῐἮς
392 2821 591 2892 Ξῃαΐξθιήὶὺιιε
605 2823 697 2892 (initio
710 2839 765 2878 ras.
782 2826 854 2877 6-7
868 2825 930 2892 litt.)
945 2833 986 2890 Μ,
1005 2824 1049 2878 vel
1067 2841 1117 2893 pa-

107 2893 244 2948 tientibus
263 2908 337 2961 supr.
352 2913 384 2945 m
438 2897 528 2961 tque
541 2903 622 2946 W!
673 2894 770 2948 satiari
783 2905 805 2947 .1
860 2893 1118 2964 6perdebanturs

109 3019 377 3074 1ooontenneren1
442 3023 470 3072 11
494 3016 589 3071 dolose
607 3026 641 3071 Μ
700 3024 733 3072 12
752 2969 901 3073 dimltentfi
915 3030 943 3072 B
992 3025 1024 3074 13
1043 3020 1118 3089 finge

108 3091 146 3144 te:
171 3089 270 3160 fingite
288 3097 341 3142 BV
406 3091 435 3142 te
454 3106 503 3143 occ.
520 3101 540 3142 o
611 3094 643 3143 14
665 3090 789 3144 remedia
808 3103 848 3144 uo
863 3093 940 3160 (corr.
955 3094 996 3161 n)
1068 3094 1119 3146 tua

107 3205 176 3250 m
246 3201 279 3250 15
298 3196 453 3266 sperabise
523 3202 555 3250 11
575 3178 676 3251 excute
694 3206 722 3249 Β
773 3198 959 3253 vitianum
1024 3203 1117 3252 1811-

107 3303 250 3374 deptaque
275 3311 309 3356 Μ
402 3302 472 3357 vitia
497 3325 532 3369 ω;
557 3320 625 3359 corr.
647 3305 725 3359 Deos.
824 3310 856 3359 19
882 3287 1000 3376 gratata
1025 3315 1050 3358 Β

109 3379 140 3429 10
163 3374 259 3444 gratia
277 3396 296 3426 a
400 3375 531 3430 sanitatis
553 3381 617 3433 aete
637 3376 672 3432 de
691 3377 759 3434 aad.
780 3383 805 3434 et
823 3395 887 3450 esp.
902 3387 924 3431 v
1032 3381 1077 3429 aa
1092 3374 1144 3426 'rn-

101 3446 181 3509 Pm
200 3453 226 3522 7,
315 3450 350 3497 25
373 3445 551 3515 voluntatem
571 3458 605 3504 s!
712 3453 811 3510 maria
830 3463 875 3522 133
894 3447 1087 3508 metuebas

91 3516 127 3561 86
143 3513 247 3580 quen}
257 3519 295 3562 1
