2408 3840
117 146 161 211 22
454 143 592 200 CAEOVS
610 144 650 198 IN
668 144 796 199 LIMINE

117 315 206 373 minis
230 314 282 389 qui
309 314 521 391 expugnandus
549 314 608 373 fuit
634 313 788 389 parricidii
811 312 1016 372 similitudine.
1062 331 1131 373 con-

117 406 202 481 gesta
230 405 300 461 suut
328 402 468 462 adversus
495 403 634 462 miseram
654 402 860 478 debilitatem,
887 403 1011 479 ferrum,
1036 421 1131 478 cruor,

118 510 264 551 venenum
292 494 322 550 et
349 492 493 568 quicquid
519 511 579 551 non
606 493 706 568 potest
733 510 795 552 esse
823 492 1044 570 neglegentiae,
1071 493 1132 552 nisi

117 582 283 640 nescientis.
328 600 424 657 nemo,
447 580 569 656 iudices,
591 600 677 641 nemo
701 581 873 659 diligentior
896 581 983 640 debet
1006 599 1068 641 esse
1093 580 1131 640 ad

118 670 232 729 facinus
256 689 346 746 quam
369 671 420 746 qui
443 670 638 746 parricidium
659 671 759 747 potuit
782 671 878 729 facere
902 688 1014 729 caecus.
1153 689 1167 730 o

183 759 302 818 Iuvenis
320 758 387 835 iste,
410 759 445 818 de
465 778 523 835 quo
542 777 659 818 summa
681 762 713 817 in
731 759 819 818 rebus
841 759 980 818 humanis
997 762 1131 818 monstra

116 847 281 926 finguntur,
310 849 372 907 eius
400 848 459 907 fuit
486 867 557 925 erga
579 850 717 924 parentes
741 867 856 924 semper
883 847 1017 908 adfectus
1042 867 1131 924 quem

116 957 154 996 ne
180 939 227 996 fas
254 939 300 996 est
322 940 426 1013 optare
449 937 485 996 de
512 937 620 996 liberis.
667 957 735 997 cum
758 937 862 996 domus
885 936 1001 1014 ignium
1026 939 1132 1014 saepta

115 1026 260 1085 violentia
284 1027 433 1101 rapuisset
455 1026 571 1085 miseris
595 1027 715 1086 senibus
739 1045 824 1085 omne
837 1025 1049 1102 praesidium,
1076 1027 1132 1084 illa

116 1115 307 1174 festinatione
332 1134 391 1190 qua
413 1115 553 1192 fugimus,
577 1116 769 1192 erumpimus,
791 1116 824 1172 in
845 1115 977 1174 medium
1000 1116 1132 1174 cucurrit
1144 1135 1168 1177 ro

116 1203 292 1263 incendium.
338 1203 370 1261 in
399 1207 509 1279 quanto
537 1207 610 1263 tunc
637 1205 769 1281 periculo
796 1204 856 1263 fuit
881 1224 981 1264 rerum
1003 1206 1130 1263 naturae

115 1291 234 1370 pietas?
279 1293 349 1351 dum
377 1293 430 1352 diu
456 1293 643 1369 multumque
671 1294 817 1353 attonitus
845 1295 962 1369 haeret,
991 1293 1064 1352 dum
1092 1293 1132 1353 ad

117 1384 276 1458 utrumque
299 1383 430 1457 respicit,
454 1382 491 1441 ad
514 1384 672 1458 utrumque
697 1382 849 1456 discurrit,
872 1401 966 1458 paene
989 1382 1130 1443 infelicis·

115 1473 206 1531 simos
228 1473 366 1548 parentes
388 1470 520 1547 perdidit
542 1471 663 1547 pietatis
683 1472 858 1548 aequalitas.
895 1481 930 1530 ut
948 1471 1054 1531 deinde
1072 1472 1130 1530 mi-

116 1561 253 1620 serrimos
276 1578 360 1619 senes
385 1560 513 1619 cluserat
535 1561 596 1618 iam
618 1561 740 1636 propior
764 1561 843 1638 ignis
866 1591 910 1602 -
934 1560 1037 1619 audiat
1058 1561 1129 1620 licet
1142 1579 1166 1621 rs

115 1649 211 1708 inrita
235 1647 344 1726 pietas!
369 1681 411 1689 —
434 1651 551 1725 patrem
573 1649 689 1708 iuvenis
711 1651 810 1728 elegit,
835 1652 866 1708 et
888 1649 924 1708 de
947 1648 1060 1725 pariter
1083 1669 1130 1708 ar·

116 1738 254 1797 dentibus
286 1739 364 1797 vices
396 1737 544 1815 disposuit
576 1738 716 1798 adfectus.
766 1738 889 1798 vixdum
920 1739 1018 1815 posito
1052 1757 1130 1813 sene,

116 1846 182 1887 cum
205 1828 291 1885 illum
315 1846 432 1903 quoque
455 1827 632 1885 miraremur
655 1828 840 1904 explicitum,
862 1828 971 1886 iterum
994 1827 1129 1887 flammas

116 1917 247 1992 aperuit,
275 1918 305 1974 et
326 1916 457 1991 undique
486 1917 618 1975 coeuntis
645 1917 775 1976 incendii
801 1916 934 1975 redditus
962 1917 1059 1994 globis
1083 1936 1129 1976 ar-

81 2002 198 2065 3serat
225 2005 354 2079 iuvenis,
384 2005 410 2063 si
435 2005 551 2064 tardius
579 2005 756 2081 perdidisset
784 2006 891 2066 oculos.
936 2006 1053 2065 facinus
1076 2008 1130 2081 est,
1143 2025 1168 2066 ro

116 2094 242 2168 iudices,
265 2113 324 2152 non
345 2093 401 2152 hoc
425 2113 541 2170 quoque
564 2095 700 2154 maximis
724 2095 882 2172 contigisse
906 2094 1069 2170 conatibus,
1096 2098 1130 2154 ut

116 2184 283 2243 servaretur
302 2184 332 2240 et
350 2185 454 2242 mater.
491 2183 588 2242 minus
607 2186 707 2242 tamen
728 2183 761 2242 in
778 2182 904 2260 utroque
927 2181 1048 2259 fecerat,
1070 2185 1130 2243 nisi

115 2272 293 2348 perdidisset
311 2272 420 2331 oculos.
455 2271 585 2332 viderint
604 2274 656 2349 qui
674 2273 770 2332 filium
788 2274 820 2330 in
839 2292 872 2332 eo
891 2274 987 2350 magis
1005 2275 1130 2349 parente

115 2362 271 2436 mirantur,
298 2362 330 2418 in
353 2364 436 2420 cuius
464 2361 591 2420 salutem
618 2362 725 2421 faciem
748 2363 908 2438 vultusque
936 2363 1129 2439 consumpsit.

115 2451 196 2527 patri
217 2451 369 2526 praestitit
392 2451 565 2510 caecitatem
589 2450 640 2527 qui
664 2452 765 2510 amisit
787 2452 900 2526 oculos
926 2450 998 2511 dum
1018 2451 1129 2528 repetit
1142 2471 1167 2512 rs

117 2559 207 2615 quam
229 2539 399 2614 reliquerat,
422 2542 556 2598 matrem.

182 2629 251 2687 Non
270 2630 439 2704 expectetis,
458 2632 570 2687 certum
583 2628 687 2704 habeo,
706 2628 827 2705 iudices,
846 2631 881 2687 ut
899 2647 1035 2688 excusem
1050 2630 1130 2706 quod

189 2891 202 2938 1
223 2886 438 2955 expugnandus:
459 2885 656 2956 expurgandus
671 2887 787 2942 adnotat
800 2888 831 2941 ic
844 2904 930 2958 marg.
941 2908 974 2940 m
990 2959 996 2971 .
1015 2893 1031 2940 6
1050 2905 1132 2943 suma

115 3002 143 3046 B
213 2993 351 3057 monstrat
368 3002 394 3045 J
463 2999 580 3061 tquem
598 3009 632 3046 ex
650 3009 723 3061 quae
740 3003 768 3047 B
839 2977 1017 3050 8deliberbs
1036 3004 1075 3062 1¹3
1095 2995 1131 3049 de

115 3063 196 3117 libris
215 3073 242 3116 1·
308 3069 340 3117 12
361 3063 398 3116 ad
416 3065 565 3132 utrumque
583 3065 700 3134 respicit
723 3083 772 3120 om.
788 3075 822 3134 Β,
841 3076 950 3135 supro
1020 3072 1053 3121 13
1073 3067 1132 3120 dis-

116 3135 215 3189 currit:
241 3134 363 3188 decmrit
380 3144 407 3187 J
486 3152 588 3205 paene:
612 3153 687 3205 pane
706 3146 733 3189 Ρ
820 3137 1007 3192 recluserat:
1034 3137 1079 3192 clu
1099 3141 1133 3193 in

114 3224 201 3278 scarp.
229 3206 277 3276 (du
302 3207 388 3274 fuisse
412 3207 529 3278 uidetur)
556 3216 593 3273 1³3
624 3207 765 3262 clauserat
792 3209 929 3264 Scldcusis
1020 3214 1053 3263 18
1077 3210 1131 3264 mi-

115 3293 210 3366 salitur
229 3322 256 3365 Ρ
330 3317 363 3366 20
388 3312 600 3383 si-porrigere
625 3332 651 3383 p.
667 3319 714 3381 23,
724 3320 759 3368 19
788 3317 886 3371 desum
910 3316 943 3369 in
967 3325 987 3368 s
1013 3316 1132 3372 dimidio

115 3385 179 3451 solit
197 3385 313 3438 abscisso
385 3389 420 3436 24
440 3385 612 3452 consumpsit
626 3395 663 3453 M,
682 3388 714 3440 in
729 3404 816 3458 muru.
835 3386 879 3440 vel
898 3387 1079 3457 consumpsit,
1098 3390 1133 3442 ut

116 3453 158 3507 ibi
176 3453 214 3507 sit
231 3455 351 3508 metrum
369 3477 401 3507 m
468 3462 501 3510 26
521 3456 692 3525 reliquaerat
710 3467 738 3511 Β
804 3464 837 3511 27
857 3459 1012 3527 expectatis
1031 3468 1098 3523 mu

116 3526 160 3577 ut:
176 3526 243 3579 binc
261 3526 361 3595 incepit
378 3536 400 3578 ι’
