2408 3840
381 151 616 208 castanasio
635 151 753 206 xo-s.
1008 152 1071 218 195

123 321 167 382 At
189 340 267 398 quae
294 321 443 398 supplicia
470 323 612 382 sustinuit
636 321 740 380 infelix
762 320 816 379 illa
839 321 942 380 statim
964 320 1071 380 nocte?

53 413 118 470 iam
140 413 238 471 totam
260 411 381 470 domum
403 430 439 470 ac
460 411 607 471 familiam
630 411 714 487 quies
736 411 835 485 prima
858 411 1016 485 sopiverat,
1042 415 1072 470 et

53 500 227 561 tacentibus
258 499 387 560 tenebris
419 503 542 560 venerat
577 502 694 576 tempus
731 498 936 558 dulcissimum
971 500 1071 558 matri.

53 589 175 649 iacebat
195 589 269 648 haec
291 588 442 664 insomnis,
464 588 609 665 inquieta,
632 608 700 648 cum
722 587 845 646 diceret:
874 583 945 645 ‘iem
968 590 1070 648 statim

29 678 229 756 sapparebit,
260 678 322 737 iam
353 679 456 737 statim
487 680 599 737 veniet:
631 696 794 753 numquam
824 680 925 735 tamen
957 677 1071 736 tardius

55 769 150 827 venit.
186 769 326 826 miseram
344 787 399 842 me,
421 767 474 842 fili,
496 767 632 843 proxima
650 767 735 825 nocte
758 767 820 824 iam
838 783 969 824 veneras.
1007 785 1071 825 ecce

56 858 119 916 iam
148 855 260 915 medios
289 856 387 914 sidera
413 858 517 914 tenent
546 873 662 930 cursus3
693 855 840 932 indignor,
871 856 995 914 irascor:
1027 857 1072 913 ita

55 945 178 1004 demum
200 945 275 1003 mihi
296 945 474 1019 satisfacies,
501 947 528 1004 si
550 944 631 1020 apud
654 947 770 1020 patrem
794 945 888 1002 fuisti.
933 944 1071 1003 miseram

55 1054 118 1109 me,
142 1033 204 1092 iam
225 1033 359 1112 maligna
381 1033 508 1093 mundus
531 1033 596 1092 luce
622 1033 765 1092 clarescit.
811 1033 929 1108 quando
952 1031 1071 1092 venies?

13 1126 118 1185 summ
151 1121 248 1180 redire
280 1118 426 1182 debebas?
473 1124 506 1181 at
535 1125 694 1198 postquam
731 1122 855 1180 alteram
890 1121 1106 1197 tertiamqueS

57 1215 178 1271 noctem
201 1211 317 1271 deserta
339 1212 425 1271 uanis
445 1211 599 1287 questibus
618 1210 711 1287 duxit,
734 1212 799 1268 tum
818 1211 961 1286 tristiora,
984 1212 1071 1288 lugu-

56 1301 139 1377 bria,
166 1303 232 1360 tum
259 1301 413 1376 squalidae
435 1300 532 1378 magis
554 1301 692 1376 placuere
714 1303 823 1373 uestes,
848 1301 915 1358 tum
936 1301 1072 1375 repetitis

56 1389 275 1468 sanguinavere
301 1389 470 1465 planctibus
493 1390 555 1448 iam
578 1390 814 1448 convalescentes
839 1389 951 1448 lacerti.
997 1389 1071 1447 nihil

56 1481 104 1538 est
130 1478 280 1537 infelicius
307 1481 403 1537 matre
431 1497 507 1553 quae
534 1478 665 1554 perdidit
693 1477 807 1553 aliquid
833 1478 865 1535 in
887 1477 964 1553 filio,
990 1481 1071 1554 post-

15 1588 43 1631 u
57 1587 151 1644 quam
173 1567 289 1626 extulit.
335 1586 402 1626 cum
424 1586 495 1626 vero
518 1570 661 1643 comperit
683 1569 784 1626 noctes
807 1584 875 1626 suas
898 1568 999 1626 iuveni
1020 1587 1071 1624 ne-

56 1655 247 1718 cessitatibus
274 1656 398 1733 magicis
422 1675 456 1715 ex
484 1659 604 1716 cantato
631 1657 742 1732 perisse
769 1657 860 1732 ferro,
887 1675 977 1732 quam
1006 1660 1071 1715 tum

55 1746 112 1805 illa
130 1745 296 1822 praefixum
314 1746 505 1821 clausumque
523 1746 671 1804 tumulum
684 1745 771 1803 nudis
791 1744 898 1804 cecidit
913 1744 1072 1805 uberibus?

56 1854 117 1911 quo
135 1833 208 1893 fletu
222 1834 358 1910 sepulcra
375 1832 527 1910 perfudit?
550 1853 609 1910 quo
627 1836 741 1911 gemitu
759 1834 928 1893 audientem
945 1835 1071 1893 forsitan

57 1927 89 1983 et
121 1924 201 1983 exire
234 1925 402 1999 cupientem
432 1925 545 1982 frustra
573 1923 693 1982 vocavit
724 1921 875 1982 animam?
919 1943 936 1983 ο
963 1926 1071 1983 natura

14 2012 199 2085 ”crudelia
234 2012 302 2087 plus
337 2030 458 2090 magum
489 2030 574 2089 posse
609 2032 698 2087 quam
734 2013 872 2071 matreml
917 2012 969 2071 ubi
1003 2002 1072 2071 sunt

57 2102 110 2178 qui
131 2100 260 2160 acerbas
287 2101 428 2160 mortium
455 2101 646 2160 necessitates
669 2103 700 2159 et
725 2102 821 2160 ferrea
846 2102 912 2158 iura
938 2102 1071 2160 fatorum

56 2193 89 2250 et
121 2188 250 2249 invictas
286 2208 339 2249 neo
369 2191 431 2250 ullo
463 2209 594 2249 maerore
625 2189 784 2249 mutabiles
820 2189 955 2248 inanium
991 2192 1070 2266 leges

57 2278 259 2356 querebantur
286 2277 477 2338 umbrarum?
518 2278 613 2337 filium
639 2281 726 2337 tuum
752 2279 859 2337 mulier
885 2278 988 2336 infelix
1011 2298 1070 2337 non

55 2368 216 2445 impositae
252 2367 354 2426 inferis
396 2369 508 2427 clusere
548 2371 645 2426 terrae
680 2386 735 2426 nec
775 2369 870 2444 spissa
909 2371 1070 2443 perpetuae

18 2457 155 2519 nuootis
191 2456 287 2534 caligo
328 2458 509 2532 compescuit
546 2476 607 2516 non
647 2456 783 2516 fabulosa
823 2456 943 2515 vatibus
983 2456 1069 2532 palus

55 2546 246 2620 multumque
282 2546 422 2605 celebrati
454 2547 576 2605 curvato
608 2546 676 2623 igne
707 2546 868 2604 torrentes:
900 2545 973 2604 haec
1004 2565 1070 2622 per·

55 2634 191 2708 meabat,
217 2633 290 2693 haee
312 2635 411 2693 omnia
433 2637 519 2694 nocte
546 2634 696 2694 transibat
718 2636 918 2710 levioremque
944 2639 1070 2694 mortem

57 2742 144 2784 suam
179 2723 290 2782 fecerat
326 2743 416 2799 quam
457 2726 483 2782 si
517 2725 756 2801 peregrinaretur
792 2726 823 2782 et
862 2724 985 2783 abesset.
1040 2726 1070 2782 et

130 2987 144 3034 1
163 2981 221 3035 ista
239 2982 337 3036 statlm
354 2991 379 3035 J
431 2988 446 3036 2
466 2981 504 3036 ad
521 2981 660 3036 familiam
679 2994 694 3046 a
752 2987 767 3035 6
786 2982 849 3064 iam¹
862 2988 925 3038 octe
942 2982 1070 3051 proxima

53 3091 149 3216 med
170 3097 193 3141 V
242 3090 386 3158 Spatrem
404 3105 455 3143 om.
470 3098 508 3156 Μ,
527 3105 601 3157 supr.
616 3109 648 3140 m
702 3072 872 3155 9clarescbt
888 3098 916 3141 B
969 3094 1002 3142 10
1022 3087 1070 3143 de-

143 3169 181 3227 1,
200 3175 268 3214 corr.
283 3181 315 3213 ιι
375 3176 408 3213 ac
428 3181 446 3213 α
519 3165 550 3213 11
571 3159 764 3245 quqstionibus
782 3169 862 3213 Bm
923 3166 956 3213 lo
975 3161 1069 3214 iuveni
1160 3208 1162 3213 ,

55 3250 149 3305 Desa:
173 3247 283 3302 iuvenis
302 3270 324 3301 ω
397 3253 430 3302 16
454 3250 483 3302 et
505 3251 618 3304 canuto
638 3250 728 3315 Dess.;
752 3249 781 3301 in
806 3250 918 3302 cantato
937 3249 996 3304 Solu.

55 3319 143 3375 ferro:
163 3319 265 3374 feretro
285 3332 301 3373 e
382 3337 467 3389 quam
484 3322 545 3374 tum
566 3320 627 3376 Gr:
648 3322 784 3389 quantum
803 3341 825 3372 ω
912 3324 944 3373 17
963 3319 1069 3373 nudum

55 3401 89 3445 Ι
139 3390 254 3446 uberius
267 3400 302 3459 Β,
321 3391 340 3444 b
357 3403 466 3461 capue
530 3396 563 3445 19
582 3394 611 3446 et
625 3409 705 3446 ome
768 3396 800 3444 21
820 3390 959 3445 factorum
981 3400 1003 3443 V

55 3469 90 3517 22
109 3463 212 3517 invitos
235 3472 256 3515 V
324 3467 359 3516 24
380 3462 490 3516 inferis:
509 3462 608 3518 infelix
627 3476 648 3516 c
721 3462 880 3527 elauseree
951 3468 984 3516 26
1007 3477 1072 3531 peu-

54 3534 191 3590 manebat
209 3542 242 3586 n
310 3539 344 3588 28
364 3551 448 3603 quam
466 3551 516 3590 om.
531 3544 560 3589 Ρ

878 3626 936 3682 lb*
