2408 3840
330 152 566 209 nacmmsrro
584 152 675 208 num
689 158 801 207 ra-u.
1011 152 1077 216 335
1171 195 1173 198 ,

61 321 143 399 qnod
165 341 225 382 non
248 321 364 381 dixerit.
409 322 592 397 dissimulas,
615 325 709 397 taoeS,
733 340 833 396 saeve,
856 319 1002 382 crudelis?
1032 321 1077 379 in-

60 413 174 471 venisti
195 413 344 471 tormenta
366 412 469 486 patris.

128 500 221 574 Audi,
239 500 311 575 quid
328 501 437 559 misera
455 500 674 578 simplicissimo
694 500 794 559 dolore
812 501 983 576 proclamet.
1017 518 1077 558 non

60 589 186 664 efficies,
208 589 321 664 inquit,
344 589 535 649 callidissime
557 588 787 666 parricidarum,
811 591 927 648 utnon
951 588 1077 648 audeam

32 679 190 740 soadaver
218 679 365 753 amplecti.
412 697 465 756 ego
489 697 557 737 vere
579 680 693 738 incesta
715 696 794 752 sum,
823 678 848 736 si
870 695 992 753 possum
1014 697 1075 736 mo·
1092 676 1131 733 17

60 767 161 827 derari
178 768 315 845 gemitus,
332 767 514 844 conprimere
532 768 679 826 lacrimas,
717 769 794 826 coite
812 768 845 825 in
863 768 961 841 funus,
976 784 1076 826 omnes

60 856 157 931 liberi,
181 874 281 915 omnes
303 859 450 932 parentes,
474 857 620 916 custodite
643 858 781 932 planctus
803 874 897 930 meos,
922 855 1077 914 observate

60 945 199 1021 suspiria.
236 945 353 1021 siquid
376 946 442 1020 feei,
465 945 581 1021 siquid
601 946 716 1020 admisi,
739 945 863 1004 fatebor.
901 962 967 1003 ecoe
981 958 1077 1021 'supra

59 1035 204 1094 lectulum
231 1034 324 1093 effusa
351 1035 475 1093 feralem
501 1035 615 1094 laceros
646 1037 728 1094 artus
757 1036 787 1093 et
813 1037 969 1111 perustum
998 1053 1076 1092 oom-

19 1125 149 1199 noplexa
177 1141 282 1199 eorpus
315 1125 460 1183 exclamo:
492 1125 578 1183 teneo
606 1126 727 1182 unicum
753 1143 867 1198 meum,
893 1124 969 1181 velit
998 1123 1077 1181 nolit

59 1213 188 1287 invidia,
216 1232 316 1271 meum
343 1215 451 1272 misera
480 1213 649 1273 formosum.
695 1212 752 1271 hoc
780 1214 844 1270 erat
872 1211 951 1286 quod
977 1211 1076 1271 infeli-

60 1301 212 1361 cissimam
225 1304 352 1360 matrem
364 1303 445 1361 ultra
463 1302 569 1361 solitae
588 1302 723 1361 caritatis
742 1302 915 1379 exagitabat
933 1299 1076 1375 adfectus

60 1391 214 1465 amabam,
240 1390 360 1466 marite,
387 1392 562 1466 periturum.
607 1392 734 1450 infames
757 1389 977 1466 quantumlibet
998 1390 1075 1449 banc

60 1479 286 1555 inpatientiam,
315 1499 369 1557 ego
391 1480 466 1538 mibi
488 1481 591 1539 videor
614 1479 756 1555 defuisse,
779 1496 921 1553 cessasse,
946 1480 1076 1538 multum

21 1589 47 1630 rs
60 1566 97 1626 de
120 1569 247 1643 laetitia,
269 1569 398 1627 multum
420 1569 584 1644 perdidisse
603 1569 639 1628 de
651 1568 787 1646 gaudiis.
828 1587 914 1628 nemo
933 1586 1076 1644 umquam

59 1656 158 1716 filium
179 1656 268 1716 nimis
292 1658 412 1717 amavit.
450 1676 556 1717 excuso
578 1658 645 1734 tibi,
657 1660 774 1734 inquit,
797 1659 914 1717 iuvenis
936 1658 1077 1716 innocen-

59 1746 188 1821 tissime,
217 1746 296 1821 quod
319 1749 464 1822 supremis
491 1749 552 1807 tuis
575 1747 706 1806 nondum
733 1749 871 1823 praestiti
897 1748 1005 1806 misera
1028 1765 1075 1805 oo-

59 1836 210 1894 mitatum.
247 1837 347 1894 vivere
370 1836 491 1912 quidem
513 1840 543 1895 te
566 1835 705 1896 defunoto
729 1836 869 1896 continno
895 1854 954 1894 non
977 1834 1075 1909 debui,

59 1924 112 1984 sed
143 1924 220 1982 mori
251 1925 361 1983 marito
392 1927 510 1985 tacente
542 1944 602 1984 non
633 1927 727 2001 potui.
773 1944 910 2000 rumpam
941 1924 1075 1982 taedium

18 2033 46 2074 a·
59 2014 136 2073 lucis
164 2013 291 2089 invisae,
319 2013 370 2073 sed
397 2016 480 2089 prius
507 2015 626 2074 licuerit
653 2033 753 2073 coram
785 2015 907 2073 civitate
937 2013 1075 2071 manibus

58 2101 120 2162 tuis
147 2104 227 2161 iusta
253 2104 434 2178 persolvere,
465 2123 532 2162 oum
560 2103 702 2163 damnato
731 2122 821 2179 supra
848 2093 1075 2161 callidissimum

58 2190 212 2250 silentium
243 2192 392 2267 parricida
423 2192 500 2250 nihil
530 2194 561 2250 te
592 2192 700 2251 dixisse
732 2192 909 2250 constiterit.
954 2192 1074 2268 ignosce

58 2280 139 2356 quod
163 2280 200 2338 ad
227 2280 370 2340 iudicium
396 2280 478 2340 istud
501 2281 605 2339 orbata
629 2281 742 2339 duravi.
788 2281 889 2354 timui,
912 2298 963 2353 ne,
986 2281 1013 2337 si
1035 2279 1074 2338 ad

58 2370 171 2428 exitum
193 2370 396 2445 impatientia,
424 2369 449 2428 si
471 2371 630 2445 praecipiti
652 2371 765 2445 pietate
788 2386 1006 2445 properassem,
1029 2369 1074 2426 fa-

17 2479 43 2521 sa
58 2461 140 2517 caret
162 2458 254 2516 alium
276 2459 426 2534 parricida
449 2458 485 2516 de
508 2477 575 2517 mea
596 2461 692 2517 morte
714 2477 870 2517 rumorem.

129 2592 287 2697 tampAoti
305 2636 333 2681 B
420 2643 485 2682 vere
502 2629 612 2698 scripsi:
631 2643 697 2682 vera
715 2637 769 2695 Bs3
787 2644 852 2682 vero
875 2636 944 2680 Vm
1031 2627 1074 2680 in-

58 2699 136 2752 certa
153 2708 182 2752 B
251 2704 371 2768 Ssupra
390 2715 440 2754 om.
459 2708 481 2751 V
549 2699 656 2768 sperii
673 2701 734 2753 tum
752 2708 775 2751 V
841 2704 872 2752 11
891 2698 1026 2753 miserata
1044 2707 1077 2751 Μ

58 2776 93 2824 13
111 2770 185 2824 hanc
203 2787 246 2824 om
272 2779 294 2822 V
372 2776 404 2824 16
424 2769 518 2838 inquit
535 2770 589 2824 tibi
609 2780 631 2823 V
717 2775 750 2824 17
768 2770 937 2841 praestitisti
954 2779 1006 2822 BV

58 2847 93 2896 18
112 2840 197 2897 debui
215 2841 277 2896 sed.
297 2840 441 2896 debuisset
458 2850 480 2893 V
529 2847 562 2895 21
583 2842 733 2897 damnatus
748 2863 767 2895 α
823 2847 856 2896 28
875 2841 965 2895 nesi:
984 2840 1040 2894 nisi
1055 2862 1074 2894 ι

56 2913 136 2982 (corr.
148 2914 190 2981 n)
244 2918 278 2968 25
292 2928 432 2966 rumorem
445 2914 676 2983 miue‘osore'ptum
691 2923 718 2966 Ρ
769 2928 908 2995 rumorem
921 2911 1073 2965 feliciters

128 2984 187 3037 iam
203 2985 340 3052 sepultos:
357 2984 449 3038 deseri
469 2985 493 3037 si
512 2984 639 3068 (ascripsi
655 2994 693 3051 Ρ,
712 2983 811 3053 scripsi
830 2987 860 3052 s)
879 2985 908 3037 st
926 2983 1073 3038 emendavi

56 3053 198 3108 Domitius
213 3055 313 3124 (domis
328 3055 432 3109 tuisV·
494 3055 594 3109 micius
608 3059 638 3126 s)
651 3055 819 3109 Dracontius
835 3054 1023 3124 (dracontivus
1038 3059 1072 3124 Ρ)

55 3127 93 3180 de
118 3125 215 3180 codice
241 3125 337 3180 fratris
362 3099 435 3182 hierl
459 3126 602 3196 (hierionis
626 3129 656 3197 s)
678 3126 800 3180 feliciter
824 3126 896 3179 mihi
919 3128 948 3179 et
974 3125 1072 3179 usibus

55 3197 127 3251 meis
146 3198 175 3250 et
193 3196 237 3250 dis
257 3197 323 3268 (diis
341 3207 396 3264 Μρ)
416 3198 552 3252 omnibns.

54 3238 1073 3395 ustastsb'ssslsassstltitillasset

54 3427 150 3483 PARS
168 3427 315 3483 ALTERA
336 3439 358 3482 V
442 3428 576 3484 INCIPIT
593 3428 643 3483 Da
662 3429 790 3483 MATRE
809 3417 833 3494 Q
851 3412 997 3532 sitnisi
1011 3428 1072 3483 Ac-

55 3534 172 3596 GVSAT
190 3534 309 3591 PBOPT
327 3535 454 3590 MORTE
473 3535 557 3591 FILII
574 3539 661 3593 minio
678 3537 755 3609 picto
775 3546 804 3592 fl
857 3537 894 3590 ti
905 3535 1000 3590 111111
1013 3543 1081 3602 uu’n-
