2408 3840
82 161 147 227 206
297 160 405 217 orvis
423 118 633 218 locvsirva
651 159 884 217 raoomcms

81 330 196 409 pondus
224 333 255 389 et
282 330 445 390 terroribus
475 329 617 390 omnibus.
639 331 731 390 verba
759 332 900 408 gravima
927 349 1017 408 mngc
1042 350 1091 407 pe·

81 420 175 478 tiente
198 419 383 496 discusseris,
406 419 445 478 ad
466 416 536 494 me’‚
562 420 662 497 inquit
683 422 779 479 mater
800 419 919 495 infelix,
942 413 994 478 ‘nd
1015 437 1091 479 meos

82 513 195 584 noctes,
224 508 262 566 ad
288 510 356 567 tuas
383 509 536 583 lacrimas,
563 509 602 567 ad
628 509 696 568 illos
718 509 853 568 viventes
879 508 956 567 mihi
982 527 1092 585 semper

83 598 244 674 amplemis,
266 598 413 673 miserere,
435 616 571 674 propera
608 597 669 657 scio
687 597 760 674 quid
777 598 853 656 milii
870 600 1015 673 nocuerit,
1034 598 1091 657 scio

83 686 155 763 quid
176 706 225 746 me
246 687 375 746 torserit.
419 687 514 762 fruar,
537 689 568 745 et
589 681 713 745 tacebo?
1111 703 1123 745 ι

561 986 620 1061 XI.

197 1145 339 1219 DIVES
367 1145 639 1219 ACCVSATVS
666 1144 982 1220 PRODITIOMS.

81 1346 200 1422 Pauper
223 1348 253 1404 et
275 1344 357 1404 dives
380 1345 502 1402 inimici.
538 1345 659 1420 utrique
680 1345 760 1402 terni
781 1342 876 1402 liberi.
915 1343 1029 1404 bellum
1049 1345 1093 1402 in-

126 1435 200 1494 cidit
222 1433 346 1494 civitati.
383 1433 465 1492 dives
484 1432 543 1490 dux
561 1435 679 1491 creatus
700 1431 851 1509 profectus
869 1434 915 1492 est
936 1434 971 1492 in
989 1435 1092 1492 castra

126 1543 228 1583 rumor
255 1526 337 1583 crtus
364 1525 409 1582 est
436 1522 474 1581 ab
502 1540 536 1581 ιο
565 1521 652 1598 prodi
682 1520 905 1599 rempublicam
951 1523 1126 1598 processito

126 1632 240 1690 pauper
266 1613 299 1671 in
326 1614 493 1671 contionem
521 1614 551 1670 et
578 1612 730 1670 accusavit
756 1610 880 1671 divitem
908 1610 1092 1688 proditionis.

128 1703 249 1761 absente
273 1720 307 1761 eo
333 1701 461 1778 populus
488 1699 637 1776 lapidibus
663 1700 773 1759 liberos
798 1702 861 1760 eius
888 1700 1006 1760 occidit
1049 1719 1093 1759 re

127 1809 229 1850 versus
256 1791 340 1850 dives
370 1781 538 1849 est'victor
569 1808 588 1848 a
613 1789 701 1848 bello.
745 1791 824 1865 petit
850 1787 890 1847 ad
916 1789 1093 1866 supplicium

126 1880 203 1939 filios
226 1881 376 1956 pauperis.
408 1881 543 1954 peterse
563 1877 657 1937 offert.
690 1877 867 1937 contradicit
886 1877 978 1937 dives.
1011 1880 1093 1938 erant

127 1971 206 2029 enim
229 1969 317 2046 leges,
340 1971 374 2025 ut
391 1967 527 2043 proditor
544 1969 639 2026 morta
662 1967 826 2043 puniretur,
849 1968 880 2026 et
898 1967 1124 2026 calumniatoris

125 2058 205 2117 idem
226 2059 382 2134 pateretur
403 2055 483 2131 quod
504 2074 582 2131 reus,
606 2057 631 2114 si
654 2056 805 2115 convictus
828 2058 913 2115 esset

154 2246 220 2298 tat
237 2246 301 2297 tuas
319 2251 358 2310 ³3
377 2244 414 2297 ad
432 2255 543 2307 meuse

154 2314 900 2386 S.1.E1N0113D1VE⁵AcchAi‹PD1T10NISn
965 2302 972 2328 '
1013 2328 1093 2385 ritu

83 2402 310 2470 cuminum
329 2401 545 2457 snrvncavu
562 2400 806 2455 mecurirvu
824 2400 933 2455 exem
1011 2405 1092 2472 (are

81 2478 179 2545 mento)
193 2473 326 2528 morem
340 2473 447 2528 nrvns
460 2471 669 2527 rccusirvs
684 2471 914 2527 cucumeris
924 2475 1065 2544 (caup

83 2563 108 2616 e.
123 2563 143 2616 1
159 2546 706 2633 e(asamaa)nmr1osnpmcut
723 2545 910 2616 iciurirv
922 2547 1022 2617 mcii
1034 2562 1092 2616 na

82 2651 264 2706 GVMEN'PV
277 2653 383 2722 (micio)
398 2661 429 2704 Μ
480 2651 618 2705 Feliciter.
638 2650 794 2720 Sepulchra
809 2650 957 2705 mcentetfi
971 2650 1092 2721 explicit

82 2741 152 2822 Legi
175 2741 204 2794 et
229 2740 375 2794 emendavi
400 2757 452 2810 ego
480 2740 642 2795 dracontius
667 2744 702 2794 cii
726 2739 815 2793 fratre
838 2739 939 2794 Krio
925 2728 1024 2812 icomp
1025 2739 1093 2795 ubili

83 2811 172 2865 arrico
190 2811 269 2865 urbis
283 2827 359 2865 rome
378 2812 408 2864 in
426 2811 502 2866 scola
520 2811 575 2866 fori
592 2812 705 2866 traiani.
729 2810 887 2880 solicitet(
877 2812 986 2882 (minio)
1000 2821 1038 2880 1²3
1060 2812 1092 2879 es.

82 2884 182 2949 Rider,
201 2884 245 2937 die
263 2884 505 2951 quintilia-›rischeu
522 2883 758 2949 Recitantium,
772 2900 803 2952 p.
816 2886 873 2937 aot
945 2855 1094 2953 Sepu'chm

81 2971 210 3024 incatatu
233 2970 349 3040 explicit
370 2971 462 3025 felicit
482 2970 541 3040 legi
559 2973 589 3024 ιι
611 2971 738 3025 emedevi
760 2987 813 3041 ego
832 2970 978 3026 drucocim
1001 2988 1035 3026 cu
1053 2970 1094 3025 ἢ

81 3041 150 3095 ierio
174 3042 327 3112 incope’oli
350 3043 439 3097 arrico
457 3042 536 3097 urbis
553 3058 631 3096 rome
653 3043 684 3095 in
702 3042 779 3096 scola
797 3041 851 3095 fori
868 3042 975 3096 troiam
993 3042 1092 3097 felicit‘

82 3121 102 3166 s
173 3115 395 3182 subscriptionem
416 3114 517 3168 codicis
534 3115 737 3169 Britannici
755 3131 778 3168 v.
793 3113 870 3182 opud
887 3114 967 3170 Dese.
1003 3118 1061 3169 ‚23

154 3189 170 3237 8
193 3200 313 3254 pauper:
336 3203 356 3254 p
375 3186 458 3254 prius
476 3186 547 3240 deest
563 3187 596 3239 iu
616 3186 719 3240 lacuna
734 3194 764 3238 Β
850 3182 945 3238 liberi:
1002 3185 1020 3197 ''
1038 3193 1096 3238 u

82 3260 97 3307 9
118 3255 233 3309 civitate
251 3265 285 3322 Β
304 3256 376 3309 -tie
456 3257 499 3309 est
517 3274 567 3311 cm
586 3266 607 3309 V
691 3262 722 3309 11
742 3255 950 3311 contentionem
968 3265 1028 3311 ΙΙ

83 3350 116 3398 re
135 3344 225 3399 vicus
244 3353 271 3397 a
323 3343 395 3398 uxr
410 3329 494 3398 Aac
509 3344 642 3399 ruerem
660 3343 769 3398 uuus
782 3342 993 3401 rccvsirvs
1010 3344 1094 3400 rao-

81 3466 271 3522 DI'I'IONIS
259 3486 291 3522 m
305 3471 429 3540 margine
447 3485 532 3523 causa
545 3433 597 3524 xil
613 3471 717 3539 (omnio
729 3470 817 3525 minio
829 3470 920 3540 pieta)
934 3478 968 3523 Ι
1017 3469 1094 3525 dives

79 3539 143 3610 agit
161 3554 275 3594 causam
294 3541 336 3612 (iu
354 3549 382 3593 Ρ
397 3542 493 3611 minio)
512 3555 527 3607 ι
