2408 3840
358 156 591 227 DECLAMATIO
610 157 649 211 VI
663 163 775 212 14-16.
1008 157 1073 222 125

60 326 160 387 adhuc
182 344 242 385 non
260 345 335 402 opus
358 328 403 385 est
424 325 496 400 filio,
520 345 574 403 ego
597 327 658 385 iam
675 345 756 404 rogo.
793 344 897 402 nempe
916 327 1072 386 calamitas

61 419 117 475 tue
138 417 211 474 nata
235 417 281 475 est
301 418 370 493 post
397 416 555 492 epistolam
576 434 680 474 meam.
726 415 785 473 nisi
806 417 836 474 te
861 415 981 474 flentem
1004 435 1072 477 con-

61 505 156 565 solari
177 502 259 564 filius
281 505 433 579 voluisset,
456 507 525 564 ante
549 506 724 564 caecitatem
746 507 832 563 tuam
855 505 969 564 exisset
1010 505 1073 565 noli

57 593 178 669 mirari,
207 595 233 653 si
255 596 285 653 te
307 595 407 671 gretie
428 592 529 670 vinco;
555 597 624 653 ante
648 595 767 653 exoravi
789 591 899 668 filium,
926 613 1016 670 quem
1038 598 1074 653 tu

31 701 193 762 erogares.
771 735 772 738 ,

128 771 164 831 Si
187 773 346 848 qnisquam
366 769 543 849 figuratione
562 772 691 847 quedem
713 773 746 829 in
763 772 819 830 bac
836 771 983 831 malorum
1005 790 1073 831 con·

58 861 178 920 dicione
205 860 334 919 iudicem
360 863 466 936 ponat,
493 860 614 919 fortuna
638 879 747 936 quaeso
776 860 855 919 absit
877 862 961 919 cuius
987 862 1074 918 tanta

59 950 220 1016 calamitas
242 949 309 1008 fuit
355 949 520 1008 abstulerat
542 949 661 1025 quidem
683 949 742 1008 tibi
764 951 864 1009 oculos
889 949 998 1007 nimius
1022 948 1073 1006 nd·

59 1041 172 1114 fectus,
200 1038 287 1100 etde
311 1038 441 1114 quinque
469 1056 568 1096 rerum
590 1038 725 1097 sensibus
752 1057 822 1114 pars
845 1056 905 1096 una
930 1038 1073 1112 cessabat,

23 1149 48 1190 re
60 1131 91 1188 et
108 1127 258 1202 tenebras,
276 1126 368 1185 etism
385 1125 477 1186 salvis
495 1127 656 1187 luminibus
676 1128 836 1201 alternans,
855 1128 997 1186 continua
1015 1146 1072 1185 nox

62 1218 197 1276 duxerat.
240 1216 337 1274 maius
361 1218 528 1275 esttamen
556 1217 671 1275 malum
696 1217 776 1293 quod
798 1216 840 1275 sio
867 1216 962 1274 fletur.
1003 1236 1074 1274 nam
1089 1217 1128 1273 it

61 1309 96 1365 ut
117 1306 226 1364 merito
251 1305 336 1380 queri
361 1306 457 1381 possis
485 1305 601 1365 ablatas
629 1304 750 1365 videndi
772 1306 954 1381 voluptates,
981 1305 1074 1381 impe

61 1395 143 1454 ditos
170 1413 270 1453 rerum
296 1394 393 1468 ectus,
425 1396 539 1469 tamem
573 1395 599 1453 si
625 1413 685 1453 non
711 1394 808 1469 iniqui
833 1393 945 1452 iudices
974 1412 1074 1453 snmus
1152 1394 1159 1415 ¹

61 1503 115 1543 nec
139 1482 296 1542 ambitiose
318 1483 432 1558 miseri,
459 1485 529 1542 sunt
549 1503 626 1560 quae
653 1483 699 1541 his
722 1482 834 1542 mederi
859 1483 982 1558 possint.
1028 1502 1092 1541 res

25 1593 49 1634 rs
62 1575 173 1648 feram,
200 1590 259 1630 non
287 1571 383 1630 solum
407 1573 478 1648 quia
499 1573 643 1631 vincenda
671 1571 758 1647 mibi,
786 1571 837 1630 sed
859 1572 955 1649 magis
984 1573 1075 1631 etiam

64 1663 139 1738 quia
166 1660 345 1720 consolando
373 1679 411 1720 es.
456 1680 526 1720 nem
549 1661 667 1738 quando
695 1678 780 1719 omne
807 1662 988 1720 tormentum
1012 1680 1075 1720 cor-

63 1752 148 1827 poris
170 1750 262 1824 abest,
286 1749 427 1825 dolorque
449 1751 646 1809 membrorum
670 1751 722 1825 qui
744 1751 841 1808 totam
864 1751 1076 1828 cogitationem

63 1840 95 1898 in
118 1858 151 1899 ss
178 1837 272 1915 rapit,
299 1838 426 1898 feliciter
453 1840 561 1913 cessat,
585 1841 733 1914 superest,
761 1841 795 1897 ut
818 1841 928 1898 cruciet
950 1840 1076 1898 nimium

64 1929 161 1989 otium
191 1931 222 1986 et
249 1926 369 1986 asudua
393 1928 489 2004 quiesz
516 1947 576 2004 res,
604 1929 712 1987 sinon
734 1929 795 1986 sint
817 1931 1006 2003 necessitate,
1032 1929 1075 1987 io·

26 2039 51 2079 so
65 2016 187 2076 eundae.
228 2034 299 2074 nam
320 2017 402 2074 visus
425 2017 566 2075 demnum
588 2018 720 2076 sarciunt
742 2018 874 2094 reliquae
897 2019 1075 2094 voluptates,

65 2107 148 2180 odor,
166 2107 281 2183 pistus,
298 2106 406 2179 tactus,
424 2106 556 2180 auditus3
579 2105 685 2183 quibus
704 2108 863 2166 tamenetsi
880 2107 978 2166 deesse
997 2125 1075 2165 sum·
1182 2139 1184 2146 ‹

63 2216 147 2256 mem
173 2193 329 2253 fatendum
356 2197 413 2268 est,
440 2213 500 2253 non
527 2197 573 2254 est
598 2197 699 2254 tamen
726 2197 873 2253 maximae
896 2195 1075 2253 calamitatis

64 2286 131 2344 loco
155 2283 339 2343 numeranda
361 2302 468 2360 parum
488 2284 578 2360 plena
600 2285 737 2342 felicitas.
780 2284 884 2341 domus
908 2286 985 2342 certe
1008 2301 1074 2364 pro-

64 2374 133 2450 pria
159 2373 312 2448 lectusque
341 2371 481 2451 genialis,
511 2376 673 2433 conventus
700 2373 948 2449 propinquorum,
980 2390 1075 2431 senno

26 2484 51 2525 rs
65 2464 243 2535 amicorum,
265 2462 331 2537 ipsa
357 2493 395 2504 -
421 2461 501 2538 quod
522 2481 590 2521 raro
614 2464 714 2526 contin
737 2461 761 2520 ‘t
783 2493 827 2500 —
849 2460 974 2519 honesta
997 2460 1075 2520 cele-

66 2550 158 2610 mitns
181 2550 265 2610 etin
288 2569 463 2627 quacunque
485 2551 606 2610 fortuna
627 2552 716 2609 beate
739 2551 875 2609 libertas:
902 2552 949 2608 tot
971 2549 1075 2624 volup·

138 2763 270 2827 4quam:
290 2757 339 2824 qd’
360 2765 386 2809 Ρ
460 2738 630 2811 bmalordm
648 2765 676 2809 B
755 2755 885 2810 8oculos
903 2755 958 2809 tibi
976 2764 1008 2808 11

67 2834 101 2884 10
120 2829 243 2883 alternes
262 2837 283 2881 V
351 2832 385 2881 14
404 2827 566 2882 ambitiose:
587 2825 704 2882 ambitio
723 2838 758 2880 ne·
776 2837 805 2893 J,
824 2845 844 2880 n
862 2829 893 2881 io
912 2845 924 2880 s
943 2839 967 2892 ις
988 2826 1077 2880 ambi·

65 2901 179 2955 tiones
267 2914 340 2968 quae
358 2899 436 2954 Desa.
450 2916 479 2967 p.
494 2903 544 2964 c7;
563 2898 612 2967 qui
630 2920 653 2950 ω
736 2898 781 2951 his
800 2898 918 2952 mederi:
937 2898 981 2951 his
1000 2897 1078 2951 ederi

64 2982 126 3039 BV3
151 2970 269 3025 insideri
287 2980 345 3035 1133
370 2969 496 3024 misereri
518 2969 563 3023 bis
586 2969 663 3024 ederi
682 2981 712 3037 σς
734 2969 842 3024 mederi
864 2982 898 3033 ys
968 2969 1078 3038 possint

69 3053 134 3108 Vsu:
159 3043 224 3112 poss
237 3051 276 3111 υς
301 3043 469 3111 possuntne
547 3041 648 3109 quibus
673 3041 781 3096 mederi
805 3041 895 3111 possit
918 3041 1076 3106 tiasensium

66 3114 170 3183 quibus
188 3113 295 3168 mederi
312 3113 450 3184 possimus
465 3113 534 3179 Bam
554 3113 604 3182 qui
622 3112 676 3167 sibi
690 3111 797 3166 mederi
815 3112 924 3182 possint
937 3112 976 3165 Η.
987 3129 1016 3181 p.
1028 3115 1077 3178 573

66 3201 141 3255 quse
166 3184 272 3239 mederi
296 3183 408 3254 possint
431 3184 509 3239 Desa
525 3203 555 3254 p.
570 3189 608 3240 97
706 3200 778 3252 quae
802 3182 922 3237 referam
946 3182 1005 3237 Scb.

68 3261 100 3311 15
125 3256 205 3325 quia:
230 3255 317 3324 quis
397 3255 602 3310 etiem-nam
619 3263 705 3311 oms
792 3260 824 3307 16
849 3252 1021 3307 consulands
1042 3263 1077 3320 Β,

66 3331 100 3382 ed
119 3326 238 3381 eolmdr
256 3337 283 3380 ι’
335 3342 364 3380 es
386 3336 441 3380 VP:
461 3329 504 3381 est
521 3336 581 3381 Bo!
596 3326 711 3396 (velree
729 3327 898 3395 eupr.m)o
965 3329 998 3378 18
1018 3341 1079 3378 oru-

67 3399 320 3465 cist1‚corr.m
410 3404 442 3453 19
462 3398 576 3453 assidua
594 3415 627 3453 erc
645 3396 758 3450 atsidua
775 3405 803 3449 Β
890 3396 1028 3450 iocundae
1047 3418 1077 3449 a:

67 3469 208 3524 iucundae
225 3482 278 3534 syo
329 3473 363 3523 20
381 3469 443 3523 visu
456 3479 489 3523 Μ
540 3475 572 3523 21
588 3474 652 3538 post
669 3471 762 3522 tactus
780 3466 846 3523 add.
860 3467 1032 3533 odoratnss

67 3540 182 3595 temetsi
200 3553 236 3605 so
305 3540 415 3595 deesset
430 3549 485 3594 ΙΝ
551 3547 584 3597 26
602 3557 668 3597 rara
687 3551 719 3612 J,
737 3553 835 3600 coras
