2408 3840
130 164 196 230 256
493 163 584 217 nens
602 162 780 219 anruaus

131 332 210 408 quod
237 351 352 392 nonnos
378 332 505 406 fluetus,
531 331 681 408 praesidia
702 333 904 410 paupertatis,
932 332 1040 393 amisi?
1083 352 1138 392 non

130 425 176 481 est
198 421 341 480 damnum
367 421 399 480 id
425 420 588 497 perdidisse
614 420 708 498 quod,
734 422 770 480 nt
794 422 931 498 proximo
956 424 1029 483 utar
1056 440 1138 500 argn-

130 514 244 585 mento,
272 512 299 570 si
320 511 428 570 habere
450 509 586 585 voluero,
607 510 765 569 emendum
787 508 853 570 est?
898 509 971 587 qnid
994 530 1065 590 ergo
1086 509 1140 571 tibi

131 618 206 676 opus
229 603 276 659 est
302 598 443 659 maleficis
467 601 559 673 eneis,
586 618 654 659 oum
680 599 783 658 liceret
807 599 912 675 palam
937 599 1087 660 uuoidare
1112 603 1140 659 et

130 690 235 765 plenas
259 689 307 750 vel
334 706 463 748 cremare
489 689 554 766 igni
576 688 624 747 vel
649 687 734 763 aquis
761 690 928 767 inmergere
953 688 1061 749 alvos?
1104 707 1140 748 an

132 780 177 837 est
199 777 322 854 aliquod
344 777 456 836 ammai
475 777 556 852 qnod
577 796 637 837 non
660 777 750 836 lieeat
771 778 831 837 uisi
848 778 970 838 venenis
992 775 1140 839 oecidere?

199 862 254 925 ‘Vt
276 867 415 925 damnum
440 861 501 941 sit’,
527 867 640 941 inquit,
664 861 740 925 ‘iure
766 869 868 926 temen
890 867 948 927 feei
969 869 1003 927 in
1025 868 1139 944 privato

131 951 217 1014 meo’
254 975 308 1031 per
329 954 418 1014 fidem
436 958 575 1029 vestram,
596 953 718 1030 iudices,
740 957 910 1015 suoennite.
947 957 1083 1033 exemplo
1103 986 1138 997 -

130 1063 190 1103 non
213 1043 326 1104 suffieit
346 1044 393 1104 his
416 1043 551 1121 partibus
573 1063 650 1104 unns
671 1045 800 1104 neuen
821 1064 937 1123 pauper
957 1077 1004 1087 —
1026 1045 1141 1106 obviam

131 1133 249 1210 publiee
272 1133 402 1192 eundum
425 1135 483 1207 est,
505 1134 536 1192 et
559 1131 730 1192 obiciendae
752 1133 893 1194 adversus
916 1136 1087 1194 nascentem
1107 1134 1140 1193 li·

131 1222 260 1280 oentiun
279 1239 422 1282 consensu
439 1240 553 1282 manus.
589 1219 700 1281 credite
718 1221 801 1296 mihi,
823 1224 920 1282 maior
937 1224 991 1283 lite
1011 1223 1140 1300 quaestio

132 1313 185 1370 est.
230 1310 286 1370 hoo
313 1310 397 1370 vobis
424 1310 511 1370 hodie
537 1310 730 1370 iudicandum
757 1314 814 1386 est,
846 1311 898 1371 nbi
926 1312 1022 1373 seelus
1049 1314 1141 1372 faeere

132 1419 191 1471 non
213 1399 312 1459 lineet.
357 1418 427 1458 nem
449 1418 502 1459 our
523 1418 583 1459 non
605 1399 661 1459 hoe
683 1400 763 1459 idem
785 1398 821 1459 de
844 1400 1006 1461 homicidio
1027 1420 1140 1479 respon-

133 1485 222 1547 deat?
255 1507 307 1547 eur
333 1507 392 1547 non
420 1488 456 1548 de
483 1487 661 1549 latrocinio?
705 1508 766 1549 non
797 1490 877 1549 enim
907 1490 972 1549 iure
1004 1491 1064 1550 ista
1094 1488 1141 1550 sed

131 1577 219 1635 modo
242 1576 389 1636 differunt.
427 1577 561 1653 aperitur
581 1580 685 1655 ingens
709 1577 808 1636 funeri
829 1578 889 1653 vie,
912 1582 943 1638 et
960 1577 1140 1639 oblnotentin

132 1665 184 1724 diu
206 1666 307 1744 legum
324 1666 407 1724 velut
426 1666 562 1726 claustris
581 1668 692 1727 seelera
710 1666 806 1726 libera
827 1669 915 1744 porte
937 1668 1140 1744 prorumpunt

132 1756 158 1814 si
176 1757 208 1813 in
226 1757 380 1831 privatum
397 1757 464 1814 iure
482 1776 541 1815 non
558 1757 689 1831 veniant,
713 1757 794 1815 etin
811 1756 1056 1817 manifestissima
1074 1773 1139 1833 quo

133 1863 190 1920 que
213 1863 290 1903 noxa
312 1862 372 1903 non
394 1844 431 1904 de
453 1843 533 1904 fanto
557 1847 718 1920 quaeritur,
742 1843 793 1905 sed
816 1845 852 1904 de
874 1845 949 1919 looo,
971 1865 1033 1905 non
1051 1863 1140 1920 aequa

131 1935 268 2009 portione
291 1951 358 1991 oum
380 1934 530 1993 sceleratis
553 1936 647 1994 terras
671 1935 834 1993 divisimus,

81 2019 117 2075 11
199 2022 258 2081 Vbi
281 2021 361 2080 enim
383 2041 443 2081 non
465 2022 527 2081 iam
549 2023 676 2082 divitum
699 2023 851 2098 privatum
874 2020 939 2082 est?
975 2042 1083 2099 parum
1101 2022 1141 2081 est

84 2174 86 2179 ,
132 2114 282 2188 proximos
301 2130 428 2186 aequare
446 2113 588 2171 terminos
607 2113 637 2171 et
654 2112 851 2187 possessiones
869 2130 938 2172 sues
957 2112 1042 2171 velut
1060 2129 1140 2188 quas·

134 2201 203 2259 dam
221 2202 324 2278 gentes
341 2199 512 2260 fluminibus
530 2200 739 2276 montibusque
753 2200 944 2278 distinguere.
973 2203 1037 2261 iam
1056 2201 1141 2261 etiam

133 2289 234 2349 devios
258 2290 353 2349 saltus
377 2291 407 2348 et
429 2290 520 2349 silvas
543 2291 630 2349 vasta
652 2288 813 2348 solitudine
835 2289 971 2350 horridas
991 2292 1141 2368 oocupant

133 2381 180 2437 tot
203 2397 297 2453 aquae
319 2380 400 2436 intre
422 2396 585 2454 pannorum
607 2378 744 2437 umbram
770 2378 879 2453 latent,
906 2398 922 2438 e
949 2378 1059 2440 finibus
1086 2381 1140 2440 suis

133 2468 260 2543 populus
288 2466 467 2542 excluditur,
495 2485 548 2525 neo
580 2467 658 2526 ullus
689 2467 876 2543 procedentis
902 2467 971 2528 finis
1000 2472 1058 2544 est,
1089 2468 1142 2528 nisi

134 2575 201 2615 oum
223 2559 254 2614 et
276 2557 308 2614 in
331 2556 459 2615 alterum
477 2555 601 2615 divitem
623 2555 771 2615 inciderit,
808 2556 903 2616 adhue
926 2559 1028 2617 temen
1051 2558 1142 2634 spolia

133 2646 353 2703 transeuntium
377 2646 407 2703 et
429 2646 528 2704 abacti
550 2663 689 2720 pecorum
712 2663 815 2723 greges
833 2646 887 2704 sub
910 2645 966 2705 hoo
989 2647 1080 2706 titulo
1099 2646 1142 2706 de·

133 2732 330 2793 sendebentur
357 2735 418 2791 iem
444 2735 557 2809 privati
584 2733 690 2793 veneni
719 2736 910 2810 transuiptdo
938 2736 991 2794 est
1038 2736 1141 2794 iterum

150 2846 345 2854 ...u——

205 2906 315 2957 iuter:
334 2906 367 2958 ut
385 2913 413 2957 B
467 2903 638 2974 argumentis
656 2914 678 2957 V
728 2903 852 2959 salvos:
871 2905 903 2958 in
919 2903 1014 2958 alveos
1033 2921 1101 2960 oorr.
1114 2913 1141 2965 ος

134 2974 226 3030 alveos
246 2984 291 3039 Me
362 2975 428 3029 ‘lin
445 2985 545 3040 omn,
564 2986 672 3045 sepse
745 2980 777 3029 11
797 2984 981 3030 eonoensuB
1047 2975 1098 3030 lite
1115 2976 1142 3028 111

133 3063 187 3100 ras.
205 3055 236 3099 11
298 3051 329 3099 11
350 3045 501 3101 dicandum
518 3056 554 3113 Β,
572 3046 602 3101 in
620 3057 728 3116 supr]
792 3052 825 3102 13
843 3047 1048 3116 respondeatur
1067 3056 1098 3102 Ι

136 3122 168 3170 lo
188 3116 291 3171 funeri:
311 3117 410 3171 sceleri
429 3118 519 3173 Ritter
591 3118 653 3172 viee
667 3127 704 3170 fl·
769 3124 802 3173 16
821 3120 904 3188 porta
921 3119 954 3172 ie
970 3135 1058 3190 mmo.
1077 3127 1099 3171 V

133 3206 304 3293 pdrnrnpent
321 3233 342 3276 V
402 3229 435 3279 18
454 3225 538 3280 noxia
556 3247 575 3278 α
640 3230 672 3279 19
692 3242 755 3279 oum
774 3223 887 3280 eoeleris
904 3233 933 3276 B
995 3230 1031 3278 20
1048 3240 1142 3295 parom

134 3350 176 3402 est
195 3358 280 3403 om.V
367 3354 399 3403 21
424 3311 569 3420 podiiones
587 3359 615 3403 B
704 3356 738 3404 24
760 3351 804 3404 tot
826 3364 929 3418 equae:
954 3351 1018 3403 tota
1039 3349 1089 3419 qui
1107 3356 1142 3413 Ις

32 3490 40 3511 x
133 3421 250 3487 totaque
268 3429 297 3487 η
316 3422 391 3475 totas
409 3422 489 3491 etqui
508 3431 538 3475 s!
603 3420 706 3475 latent:
726 3421 805 3475 luter.
820 3429 858 3488 ⁸3
881 3419 1009 3475 latentur
1025 3430 1056 3489 ῖς
1078 3420 1142 3475 lete

128 3492 223 3600 [ΞΜ
274 3549 407 3630 ezepn
442 3545 634 3602 iouniiusn
687 3546 879 3601 1611111117
910 3549 1142 3616 iipeoeoruurs
