2408 3840
150 169 191 233 98
472 168 602 223 nnana
620 144 846 222 annnurrvs'

148 339 265 396 luxuria
290 338 541 414 prodigarumque
563 339 765 414 voluptatium
791 334 1014 397 continuatione
1041 338 1160 398 venisti.

149 428 310 485 exhausisti
333 445 420 485 senex
438 445 540 485 census
560 430 592 485 in
613 429 712 503 pretia
730 422 937 486 meretricum'
974 425 1161 503 quamquam

149 520 179 575 et
200 516 269 574 huic
286 515 406 574 iubetur
427 517 598 575 necessitati
619 518 716 592 pietas
734 519 834 575 restra
856 534 1035 590 succurrere,
1058 513 1091 575 et
1114 517 1160 575 lex

106 622 107 626 ’
150 625 225 680 quae
247 600 379 680 inopem,
403 624 479 679 quae
502 608 618 681 patrem
640 605 793 665 nominare
816 602 956 665 contenta
980 602 1048 680 est,
1062 604 1160 664 filium

148 714 207 754 non
228 695 344 753 remisit
367 694 405 752 ad
428 712 539 752 causas.
587 694 660 769 quid
682 713 752 753 vero
775 693 802 752 si
823 694 858 752 in¹
878 692 1100 769 educationem,
1126 693 1159 752 iu
1174 712 1192 754 :s

148 784 306 854 discursus,
327 783 359 840 in
381 783 479 857 pretia
500 785 643 842 vacuatus
667 781 755 842 sum?
792 782 906 842 excedit
923 782 1045 842 'omnem
1068 783 1158 842 scele-

147 893 214 930 rum
236 866 488 947 comparationem
510 869 626 948 patrem
643 872 810 930 mendicum
832 873 929 930 facere
952 889 1007 930 nec
1027 890 1157 948 pascere.

213 962 368 1036 Temptat,
394 960 519 1035 iudices,
540 961 610 1036 hoc,
634 961 712 1036 quod
735 979 794 1019 non
817 963 862 1019 est
883 960 1070 1037 redemptus,
1096 958 1156 1020 am·

147 1049 241 1126 pliare
260 1051 321 1108 alia
339 1049 453 1108 iuvenis
474 1049 595 1108 invidia.
633 1044 789 1124 ‘fratrem',
805 1048 914 1124 inquit,
933 1045 1019 1108 ‘mihi
1035 1050 1156 1125 praetu-

147 1135 230 1196 listi'
277 1139 424 1196 fateamur
453 1139 605 1214 paulisper
632 1140 688 1199 hoc
718 1140 842 1213 crimen,
873 1151 1070 1216 agnoscamus
1101 1140 1189 1200 hoors

147 1227 238 1286 nefas.
283 1226 538 1303 impudentissime
565 1228 681 1305 generis
707 1225 843 1303 humani,
869 1230 904 1285 tu
927 1246 987 1286 non
1005 1228 1101 1304 feres,
1123 1232 1156 1286 ut

148 1317 240 1374 frater
262 1319 331 1375 tuus
352 1317 401 1375 vel
423 1319 519 1394 magis
543 1315 678 1376 ametur?
719 1318 800 1376 vides
824 1317 911 1392 enim,
933 1316 1089 1393 praelatus
1113 1321 1156 1376 est

147 1406 204 1464 tibi
230 1406 328 1465 nescio
357 1405 426 1481 quis
454 1407 600 1465 adfectius:
627 1406 781 1482 possident
804 1406 937 1465 caritatis
959 1409 1030 1464 tuae
1059 1407 1155 1466 locum

146 1495 273 1572 pignora
302 1495 337 1552 de
369 1495 532 1554 minoribus
563 1498 681 1572 sumpta
709 1494 884 1554 nominibus.
934 1494 1022 1554 illurn
1050 1514 1154 1571 nempe

147 1585 229 1643 cuius
249 1602 341 1660 aeque
365 1583 486 1658 spiritus
510 1585 545 1642 de
563 1584 723 1643 visceribus
745 1585 792 1643 his
814 1583 954 1643 trahebat
974 1587 1082 1660 ortum,
1106 1584 1154 1660 qui
1165 1600 1186 1643 u

145 1668 262 1748 patrem
289 1674 337 1731 vel
365 1673 443 1731 solus
471 1673 615 1748 impleret.
660 1675 804 1749 pessimus
832 1676 878 1731 est
903 1673 1079 1732 mortalium
1105 1672 1154 1749 qui

146 1765 240 1820 amari
263 1763 386 1820 fratrem
403 1779 489 1820 suum
508 1763 570 1820 sine
593 1763 640 1822 sui
658 1765 782 1821 caritate
804 1764 900 1838 putat.
939 1763 975 1820 tu
998 1763 1153 1835 custodies,

146 1855 245 1909 utrum
267 1851 453 1926 frequentius
477 1852 598 1926 osculer,
625 1853 726 1909 utrum
753 1851 899 1928 stringam
920 1853 1018 1928 magis
1046 1853 1153 1911 artiore

144 1938 312 2015 conplexu?
357 1958 415 1997 non
439 1945 484 1999 est
506 1941 561 1999 hoc
584 1940 785 2016 impatientia,
807 1958 861 1998 nec
884 1940 962 1998 circa
985 1941 1083 2015 patris
1104 1940 1152 2000 ad·

146 2029 240 2087 fectus
268 2047 351 2087 sacra
379 2029 415 2087 de
443 2029 565 2104 pietatis
597 2032 783 2088 contentione
815 2029 888 2088 rixa
935 2048 1003 2088 eum
1032 2031 1183 2089 tantumn

145 2118 268 2175 fratrem
289 2118 376 2193 putes
400 2120 494 2176 amari
515 2121 611 2196 magis
634 2137 724 2193 quem
746 2137 805 2177 non
829 2116 930 2177 ames?
965 2118 1090 2194 falleris,
1111 2119 1152 2177 iu-

144 2208 241 2280 venis,
268 2205 414 2282 longeque
440 2210 471 2266 te
498 2208 536 2266 ab
564 2208 717 2266 intellectu
743 2225 844 2266 rerum
870 2209 996 2266 naturae
1023 2210 1152 2284 seposuit

141 2315 238 2371 prava
270 2296 423 2370 persuasio
455 2295 507 2371 qui
542 2300 631 2372 putas
664 2316 699 2354 ex
730 2297 862 2371 paternis
894 2296 1062 2356 adfectibus
1094 2297 1151 2356 filio

93 2383 129 2438 12
144 2385 240 2459 perire
259 2385 401 2459 quicquid
423 2386 455 2441 in
474 2385 566 2444 altero
588 2385 623 2444 de
641 2385 815 2444 necessitate
832 2385 1060 2461 praeponderat.
1099 2404 1151 2463 par

145 2477 190 2531 est
212 2475 243 2530 in
263 2491 363 2537 omnes
386 2473 495 2533 liberos
513 2474 673 2548 eademque
693 2476 800 2550 pietas,
823 2475 875 2532 sed
891 2475 983 2533 habet
1001 2476 1034 2533 in
1053 2475 1181 2551 aliquos

144 2563 317 2637 plerumque
340 2564 475 2639 proprias
498 2563 699 2640 indulgentiae
723 2580 836 2638 causas,
859 2566 889 2622 et
911 2563 996 2622 salva
1018 2563 1149 2623 caritatis

146 2651 327 2726 aequalitate
351 2654 395 2710 est
419 2651 567 2726 quiddam,
590 2671 643 2728 per
661 2651 741 2728 quod
763 2653 856 2711 tacito
878 2651 987 2710 mentis
1009 2652 1149 2712 instinctu

145 2740 276 2817 singulos
306 2759 407 2800 rursus
436 2744 590 2817 tamquam
617 2742 718 2800 unicos
749 2759 888 2800 amemus.
933 2740 1012 2800 huno
1039 2742 1150 2817 primus

216 2970 230 3016 1
254 2945 365 3016 lundria
383 2971 412 3015 Β
480 2963 662 3039 prodigarum
680 2979 791 3033 quoque
809 2973 847 3030 B,
871 2979 926 3032 quo
945 2964 995 3018 del.
1011 2974 1041 3030 ὸς
1060 2961 1152 3033 prodi·
1171 2952 1174 2959 ¹

144 3037 291 3102 torumque
310 3044 352 3099 M,
373 3034 418 3087 vel
436 3049 473 3102 ga
490 3052 565 3103 supr.
579 3056 611 3087 m
681 3035 858 3104 voluptatum
880 3044 919 3088 vo
988 3034 1100 3089 toenio
1117 3042 1151 3099 Ι,

145 3108 175 3159 io
189 3123 274 3175 orarp.
294 3105 324 3158 in
343 3104 398 3159 alio
417 3104 538 3158 habetur
557 3122 640 3159 senex
657 3107 734 3174 quod
751 3105 823 3159 mihi
840 3105 940 3160 melius
958 3105 1072 3160 ridetur
1089 3127 1121 3159 n

144 3185 509 3245 4quae:qua1³;ques
573 3177 758 3235 sexciditn
816 3177 1152 3247 taliamo.B,cupr.t

146 3308 176 3355 11
197 3301 280 3354 feres:
301 3300 368 3353 feris
386 3310 438 3354 BV
453 3303 496 3370 (ex
514 3300 569 3355 fers
588 3318 655 3356 corr.
670 3304 707 3371 B)
781 3307 813 3355 13
834 3248 1041 3372 affigam
1059 3311 1089 3357 Ι

146 3378 298 3440 leaeque:
320 3382 439 3440 equaP
509 3377 543 3426 18
562 3373 665 3428 artiore
684 3385 710 3427 s:
731 3371 831 3428 altiore
850 3395 872 3426 ω
944 3378 978 3426 23
997 3390 1086 3443 parva
1107 3382 1153 3427 ru·

145 3459 327 3603 alatliterfiv
377 3484 410 3531 25
429 3479 459 3532 in
473 3489 561 3534 oca?
613 3485 646 3533 26
665 3482 705 3533 et:
724 3482 767 3533 est
783 3490 828 3547 1²33
843 3481 936 3535 eat!
987 3478 1152 3535 atmontis:

16 3572 26 3649 p
130 3565 245 3601 mens
