2406 3832
130 169 194 232 386
409 164 600 220 ΕΧΟΕΒΡΤΑ
618 163 863 219 ΜΟΝΑΟΕΝΒΙΔ.

131 337 263 394 sidereus
286 336 487 394 innocentiam
510 353 603 409 suam,
629 335 708 394 inter
728 334 802 392 haee
826 335 988 393 lacrimans
1009 334 1151 412 ingemui.

130 426 262 483 lacrimis
290 444 359 501 ergo
389 426 462 481 meis
496 425 525 481 et
552 424 666 501 gemitu
698 425 786 498 pater
814 422 978 498 perductus
1014 425 1153 498 intravit,

131 513 396 590 interrogantique,
415 531 482 570 cum
499 513 627 571 nesciret
644 513 717 588 quid
735 515 820 587 esset,
841 515 874 570 et
891 511 1005 590 fingere
1024 531 1153 588 possem,

131 604 194 662 sine
217 621 301 661 mora
327 600 479 676 respondi,
509 604 538 659 et
564 619 611 658 me
636 603 714 659 mori
735 602 826 675 velle,
854 604 885 659 et
906 619 1061 660 venenum
1092 621 1154 662 esse

131 692 212 768 quod
233 691 391 750 terebatur.
438 692 523 748 stetit
545 689 720 765 intrepidus,
738 721 782 730 —
800 690 899 764 inquit
918 682 966 770 (p.
986 693 1066 759 307,
1088 683 1152 771 12).
1177 712 1186 751 1

131 785 166 838 tu
189 781 264 838 mihi
286 778 377 838 obicis
406 779 485 854 quod
511 782 628 853 patrem
652 779 783 838 occidere
810 780 918 837 vellem
940 780 978 837 'et
1000 781 1036 836 in
1064 780 1153 839 huius

132 869 339 946 probationem
367 867 487 926 adducis
516 867 628 942 dicens,
655 868 735 944 quod
756 869 813 927 hoc
840 887 945 926 verum
974 869 1031 942 sit,
1060 871 1154 944 patet,

133 961 204 1034 quia
232 957 369 1016 abdicare
396 957 485 1015 volui.
531 956 583 1015 sed
611 959 644 1015 in
670 956 726 1015 hoo
753 957 901 1032 prioribus
928 957 1086 1017 iudicibus
1107 960 1154 1016 in·

133 1047 245 1106 vidiam
259 1047 332 1104 facis
353 1064 479 1120 querum
498 1046 645 1104 sententia
659 1046 696 1104 ab
715 1047 902 1104 accusatione
919 1047 976 1104 tua
995 1046 1154 1106 absolutus

132 1137 184 1196 fui.
231 1138 261 1193 et
283 1136 504 1211 iniquissimum
527 1136 583 1210 est,
607 1136 642 1193 ut
656 1167 697 1174 —
712 1136 881 1194 tractantur
911 1126 958 1214 (p.
982 1137 1063 1205 307,
1086 1132 1153 1217 20).
1168 1157 1189 1196 re

134 1225 184 1284 sed
207 1226 337 1283 tractata
360 1226 442 1296 sunt,
467 1226 496 1281 et
518 1222 595 1282 liber
618 1225 751 1299 apparui.
797 1224 913 1282 felicior
926 1256 971 1264 —
985 1227 1155 1285 restituunt

135 1307 181 1394 (p.
207 1316 280 1381 307,
304 1304 375 1392 23),
403 1311 474 1370 licet
509 1313 644 1386 quamvis
670 1314 849 1387 proclames:
876 1330 965 1387 saepe
997 1313 1098 1372 detuli
1112 1347 1154 1354 —-

135 1402 275 1461 obieceris
308 1393 352 1482 (p.
376 1402 450 1470 308,
473 1393 539 1481 21).
592 1401 680 1459 fidem
708 1420 769 1459 non
804 1402 885 1476 capit
905 1403 1154 1478 —parricidam

14 1534 18 1539 .
135 1483 181 1571 (p.
203 1481 361 1570 309,13).
404 1489 455 1548 sed
483 1489 555 1548 dicis
582 1490 737 1566 parricidii
764 1492 973 1568 argumentum
1002 1493 1153 1569 estquod

134 1579 267 1637 habuisti
284 1598 437 1660 venenum.
466 1579 517 1638 sed
535 1599 687 1655 nunquam
705 1579 851 1638 iudicabis
865 1580 1015 1638 latronem
1035 1601 1152 1640 omnem
1165 1599 1185 1640 15

136 1669 188 1743 qui
202 1667 335 1746 gladium
348 1667 446 1726 habet.
477 1668 629 1744 peregrini
638 1669 740 1744 utique
751 1668 872 1728 solliciti
881 1667 1018 1746 gladium
1033 1670 1152 1743 habent,

136 1760 166 1816 et
185 1757 292 1835 gladiis
312 1749 480 1836 som[p]nos
494 1758 643 1816 munimus
659 1758 805 1816 timentes.
842 1756 920 1815 unde
933 1758 1015 1835 leges
1036 1755 1152 1838 hae<c>

136 1865 196 1905 non
217 1845 389 1922 prohibent,
416 1845 466 1903 sed
489 1847 595 1904 horum
622 1845 754 1906 abusum.
801 1848 842 1904 sic
870 1864 924 1923 ego
947 1846 980 1904 in
1002 1850 1152 1925 prosperi-

136 1938 199 1995 tate
222 1955 288 1993 mea
310 1953 456 1993 venenum
476 1954 660 2010 paraveram,
684 1935 722 1994 ad
746 1935 826 2010 quod
842 1953 960 2009 possem
983 1937 1152 2016 confugere,

137 2027 162 2084 si
186 2025 260 2083 mihi
287 2025 492 2099 superveniret
519 2043 602 2082 casus
625 2026 768 2099 incertus,
796 2024 821 2084 si
844 2024 940 2100 dolor,
966 2026 992 2081 si
1015 2025 1152 2106 languor,
1164 2044 1186 2083 eo

138 2115 163 2172 si
185 2114 347 2189 improvisa
370 2113 516 2171 debilitas.
562 2114 713 2171 miramini
726 2113 814 2187 ‘quod
831 2113 887 2171 hoc
909 2113 1043 2189 fecerim,
1068 2115 1153 2175 homo

139 2205 190 2278 qui
212 2205 259 2261 tot
277 2204 462 2261 calamitates
486 2204 516 2259 et
537 2202 700 2261 delationes
723 2203 858 2261 'sustinui
900 2201 950 2261 sed
975 2201 1073 2263 dices:
1097 2224 1153 2262 non

139 2296 184 2350 est
214 2291 364 2367 credibile,
396 2294 431 2349 ut
460 2291 536 2349 mori
561 2291 690 2350 volueris
714 2291 867 2349 absolutus
896 2290 947 2365 qui
979 2311 1051 2352 reus
1080 2295 1154 2352 mori

139 2381 270 2440 noluisti.
308 2380 360 2440 sed
379 2381 449 2454 vixi,
473 2380 543 2437 dum
562 2398 719 2455 sperarem,
742 2383 776 2437 ut
798 2380 938 2437 lacrimae
956 2399 1043 2439 meae
1068 2385 1153 2442 mise·

138 2472 259 2545 riaeque
273 2472 447 2547 mitigarent
459 2468 697 2546 indignationem
710 2472 801 2526 tuam.
829 2469 891 2526 vixi
901 2470 1001 2541 etiam,
1015 2489 1055 2529 ne
1071 2491 1153 2530 accu-
1165 2487 1186 2528 a

139 2561 249 2618 sationi
271 2558 387 2617 viderer
410 2557 520 2631 cedere,
543 2560 573 2615 et
595 2576 631 2615 ne
654 2575 743 2633 super
766 2557 892 2616 cadaver
913 2576 1014 2615 meum
1037 2562 1154 2635 procla-

139 2667 234 2707 mares
259 2651 288 2706 et
311 2646 434 2707 diceres:
457 2648 563 2705 merito
587 2646 682 2721 timui,
705 2647 811 2704 merito
834 2645 967 2721 praedixi
990 2666 1154 2708 venenum:

141 2739 192 2812 qui
215 2735 335 2795 vivendi
358 2754 417 2793 non
434 2735 564 2794 habebat
582 2736 743 2794 audaciam.
790 2737 1012 2794 verumtamen
1035 2739 1098 2797 tibi
1121 2739 1155 2797 de

139 2826 330 2900 impatientia
355 2844 421 2883 mea
445 2825 600 2884 fatendum
624 2828 675 2884 est.
722 2823 824 2882 eadem
843 2826 942 2882 menta
961 2825 1045 2883 volui
1069 2831 1155 2902 mori,

80 2988 82 2991 v
142 2933 207 2973 curn
231 2915 397 2988 abdicares,
425 2933 484 2988 qua
506 2932 566 2972 non
588 2913 663 2989 bibi,
693 2933 760 2972 cum
782 2911 905 2971 iuberes.
951 2912 1002 2971 sed
1026 2919 1192 2989 quaesisse

142 3005 167 3063 si
189 3004 266 3063 mori
288 3002 423 3076 voluisti,
451 3021 503 3061 cur
529 3003 716 3078 potissimum
740 3021 852 3061 veneno
879 3006 927 3061 etc.
951 2994 995 3083 (p.
1014 3005 1093 3074 314,
1114 2999 1155 3086 7).

202 3112 235 3166 p.
256 3095 328 3160 314,
347 3093 391 3150 25
413 3092 510 3149 nullos
541 3091 578 3149 ab
608 3092 692 3150 aditu
716 3092 787 3166 loci,
813 3093 846 3149 in
869 3110 926 3166 quo
951 3111 1041 3167 eram,
1065 3114 1152 3169 prae-

142 3201 220 3258 pono
243 3181 386 3241 custodes.

203 3290 236 3344 p.
257 3270 330 3338 315,
355 3272 398 3329 12
424 3269 585 3344 aliquando
616 3273 718 3330 tenens
750 3271 782 3328 in
814 3270 890 3329 collo
920 3270 1062 3344 laqueum
1096 3291 1156 3331 non

142 3361 276 3418 mortuus
299 3362 351 3418 est.
1170 3376 1192 3418 a

92 3509 96 3517 ,
204 3467 237 3521 p.
257 3449 331 3517 315,
347 3449 409 3506 18.
425 3493 430 3506 .
447 3449 613 3522 ,pereuntis
628 3447 743 3506 affectu.
780 3449 925 3507 secretum
939 3447 1044 3506 domus
1059 3448 1156 3526 elege-

136 3559 216 3618 ram,
252 3539 324 3619 quia
357 3537 538 3600 naturaliter
568 3554 649 3596 mors
676 3536 751 3594 talis
780 3535 925 3610 pudorem
949 3534 1048 3594 babet.
1103 3540 1156 3613 qui
