2408 3840
137 158 180 223 86
498 156 767 211 MATHEMATIGV
767 155 786 210 S

136 328 203 401 ipso
230 325 464 385 dissimulatione
491 322 661 384 cruciatum?
705 325 821 384 felicius
844 324 921 383 illud
947 342 1072 401 prorsus
1095 326 1148 398 est,

136 415 237 491 palam
260 415 400 473 occidisse
424 433 512 489 quem
534 416 649 472 timeas.
696 432 763 472 cum
784 413 860 472 bone
886 415 919 471 in
941 413 1052 472 osculis
1074 414 1147 472 meis

136 501 378 578 amplexibusque
400 505 575 578 requiescas,
600 502 706 562 subeat
727 521 845 562 necesse
868 506 914 562 est
935 504 1046 562 tacitas
1069 504 1148 579 cogi·

134 595 263 652 tationes
285 592 432 668 praedicti
457 592 584 668 periculi
606 595 711 665 metus,
733 595 772 666 et,
794 592 866 650 licet
891 593 1089 666 componetur
1111 590 1149 649 ad

134 682 243 741 fortem
265 679 483 757 superbamque
502 683 711 755 constantiam,
732 681 880 739 naturalis
897 682 1000 739 tamen
1017 680 1147 738 hominis
1171 699 1181 740 l

134 770 291 830 infirmitas
318 772 418 846 potest
444 772 508 828 tam
533 787 737 846 percussorem
763 771 869 829 timere
893 787 984 845 quam
1011 771 1146 828 mortem

135 860 249 935 explica
271 877 338 933 nos,
360 862 455 934 pater,
482 861 547 916 tam
568 860 677 918 misero
700 859 839 933 tristique
863 857 1007 932 conplexu
1031 859 1063 916 et
1084 856 1148 915 lon·

135 949 273 1025 gissimas
300 947 514 1007 sollicitudines
541 947 624 1006 brevi
650 947 748 1006 recide
774 948 930 1024 patientia.
975 947 1077 1004 minus
1103 948 1147 1005 in·

134 1037 258 1115 dignum
281 1039 334 1110 est,
356 1039 393 1094 ut
414 1039 535 1111 moriar,
558 1038 585 1094 si
606 1038 747 1095 innocens
764 1037 886 1096 futurus
904 1055 978 1109 sum,
1001 1053 1095 1111 quam
1114 1037 1148 1093 ut

134 1128 244 1198 vivam,
266 1128 293 1184 si
314 1125 472 1201 parricida.
1159 1143 1180 1185 ro

200 1214 351 1272 Denuntio
374 1212 446 1288 tibi,
473 1216 569 1288 pater,
596 1215 627 1272 et
648 1214 685 1273 de
711 1231 851 1289 supremo
877 1213 1055 1272 necessitate
1080 1231 1146 1272 con·

135 1303 227 1362 fiteor.
264 1305 326 1361 iam
348 1322 407 1362 non
426 1305 498 1362 sunt
519 1320 601 1360 meae
624 1305 783 1377 potestatis
805 1302 862 1360 hae
880 1320 1001 1360 manus:
1022 1320 1084 1361 non
1101 1319 1146 1360 re

135 1411 203 1469 gere
225 1393 385 1466 dexteram,
407 1411 467 1450 non
485 1393 612 1450 retinere
631 1391 753 1450 sufficio.
790 1393 874 1449 venit
890 1391 943 1449 ille
959 1392 1061 1450 nescio
1080 1392 1146 1466 quis

135 1481 231 1555 ardor,
250 1499 309 1539 non
328 1481 432 1555 sentio,
449 1499 510 1539 non
528 1482 684 1539 intuentur
702 1481 788 1539 oculi.
824 1482 897 1538 tunc
915 1481 1017 1539 omnic
1035 1479 1146 1555 incipio

135 1571 217 1643 scire,
236 1588 302 1627 cum
325 1572 409 1646 gesta
431 1571 510 1629 sunt.
556 1569 628 1644 quid
650 1573 685 1627 tu
706 1589 754 1628 me
776 1569 956 1628 lacertorum
978 1569 1146 1643 viriumque
1158 1586 1179 1628 u

134 1658 276 1717 beneficio
294 1661 435 1718 stravisse
458 1678 553 1733 nuper
573 1658 673 1717 hostes
695 1655 807 1734 putas?
842 1660 990 1732 quantum
1007 1657 1146 1716 dicuntur

135 1766 270 1806 narrasse
298 1745 431 1822 captivi?
462 1749 561 1806 nescio
590 1766 678 1822 quem
704 1749 737 1804 in
763 1766 810 1805 mo
836 1748 1019 1805 monstruosi
1046 1747 1146 1804 vultos

135 1837 274 1894 horruere
302 1838 498 1912 conspectum.
544 1854 603 1894 non
629 1835 691 1894 tela
717 1835 876 1910 iaciebam,
907 1854 967 1894 non
993 1835 1147 1893 icculabar

133 1925 223 1999 ictus,
250 1924 408 1984 furialibus
435 1927 525 1984 miser
552 1924 666 1984 facibus
694 1924 848 1998 ardebam,
876 1925 907 1982 et
932 1926 1037 2000 pectus
1064 1923 1146 1983 istud

133 2033 193 2072 non
219 2014 325 2088 lorica,
355 2016 418 2072 non·
436 2014 565 2093 ‘fer-rum,
597 2014 648 2073 sed
675 2014 734 2072 diri
761 2014 945 2088 serpentium
975 2012 1179 2072 clauserautro

134 2122 233 2162 nexus.
278 2122 339 2161 uon
361 2104 420 2162 fuit
441 2101 518 2160 illud
539 2121 653 2180 pugna,
678 2121 738 2160 non
761 2104 847 2161 acies.
892 2103 925 2159 in
947 2100 1026 2160 bello
1050 2103 1144 2178 parri·

133 2192 199 2251 cida
221 2191 384 2266 vincebam,
407 2194 592 2251 excesserunt
613 2210 704 2267 opera
726 2209 793 2249 mea
814 2190 1013 2249 humanarum
1035 2192 1145 2249 virium

133 2281 375 2340 mediocritatem⁴
422 2280 564 2357 quicquid
586 2282 699 2339 factum
722 2282 780 2353 est,
802 2279 913 2354 robios,
935 2279 1056 2339 insania
1078 2280 1144 2337 fuit

81 2370 118 2427 21
133 2370 280 2445 praedico,
302 2373 404 2446 testor,
427 2389 486 2428 non
505 2388 560 2446 ego
577 2369 773 2445 parricidium
790 2369 909 2443 faciam,
932 2387 992 2427 non
1010 2387 1067 2446 ego
1086 2368 1144 2428 for

132 2462 204 2518 titer
231 2460 295 2518 feci
342 2459 421 2535 quod
448 2461 475 2518 si
497 2459 560 2517 ulla
587 2460 702 2516 ratione
730 2476 837 2517 casuve
865 2456 943 2516 effici
969 2459 1085 2533 potest,
1112 2459 1178 2515 utro

133 2548 285 2624 praedicta
307 2567 366 2606 non
389 2547 476 2622 fiant,
499 2546 587 2605 fidem
609 2549 748 2620 vestram,
771 2545 803 2604 P.
823 2545 864 2620 0,
889 2549 924 2604 ut
945 2545 1021 2604 mihi
1044 2548 1144 2622 potius

132 2638 303 2697 innocentia
322 2656 412 2711 quem
433 2637 497 2696 feto
521 2635 674 2695 debeatur:
699 2655 753 2713 ego
772 2635 856 2694 dicar
873 2653 1057 2713 expugnasse
1077 2654 1144 2694 cou-

133 2727 328 2799 stitutionem,
351 2726 474 2804 fregisse
497 2726 618 2784 vincula
640 2726 825 2784 necessitatis
848 2742 940 2798 mese,
963 2741 998 2782 ac
1020 2725 1144 2800 pietatis

133 2833 217 2873 meae
246 2814 384 2873 laudetur
412 2814 579 2892 integritus.
625 2814 669 2872 dii
695 2833 754 2872 non
782 2814 896 2887 sinam,
925 2815 960 2871 ut
987 2814 1070 2871 iuter
1098 2830 1144 2872 me

205 3078 219 3127 1
238 3071 348 3127 felicius
362 3072 434 3126 illud
452 3072 610 3127 dubitanter
626 3073 737 3141 scripsi:
757 3070 866 3126 felicior
878 3070 929 3124 ille
946 3092 982 3137 ως
1001 3070 1145 3126 feliciore

134 3185 150 3232 2
173 3179 289 3234 osculis:
313 3161 399 3234 ocdlis
422 3188 452 3246 ⁸⁷3
475 3178 564 3233 oculis
583 3191 604 3232 o·
680 3183 695 3231 6
715 3195 812 3247 quam:
832 3177 908 3246 quod
926 3187 953 3230 Ρ
1031 3177 1144 3231 8breri

134 3250 196 3304 cedi
214 3250 307 3305 recide
326 3261 359 3318 P,
378 3251 440 3306 cedi
459 3250 510 3305 del.
524 3253 630 3304 maus
696 3248 845 3319 indignum
863 3250 906 3302 eet
924 3249 966 3304 bio
984 3257 1012 3301 P
1078 3249 1145 3303 aut

133 3322 236 3375 vivam:
255 3322 346 3377 vivam
365 3333 392 3376 Ρ
459 3327 492 3376 14
511 3321 596 3375 sentit
615 3343 633 3373 a
651 3320 705 3391 (vel
723 3321 812 3374 sentio
830 3323 873 3391 m)
946 3325 978 3374 1⁶
997 3321 1030 3374 tu
1048 3337 1100 3375 om.
1118 3328 1145 3372 ι

134 3398 167 3446 20
186 3397 346 3463 serpentum
363 3404 388 3448 J
466 3399 499 3448 21
518 3392 595 3446 istud
614 3405 634 3446 o
703 3390 795 3463 cgcies
813 3401 842 3445 Β
912 3396 945 3444 2⁷
964 3390 1043 3462 fugio
1062 3399 1094 3445 Ι

133 3469 167 3517 28
192 3465 368 3519 necessitatis
393 3481 472 3520 meae
498 3481 531 3519 ec
558 3462 673 3533 pietatis
700 3479 780 3517 meae
804 3472 843 3517 B:
873 3461 1051 3516 necessitatis
1080 3477 1143 3516 mee

123 3535 224 3603 piem
245 3551 310 3591 mea
333 3538 435 3607 reliqui
505 3542 538 3591 29
557 3536 623 3607 mc}
638 3544 672 3589 Μ
