2408 3840
427 103 661 190 9999199999
680 135 706 190 v
724 142 801 190 2-4.
1076 135 1117 200 91

102 307 195 365 irasci
218 304 299 381 quod
321 323 381 363 999
399 305 438 363 911
461 304 549 362 fratri
571 305 722 380 praelatus
741 322 839 380 aegro,
862 305 1050 379 impatientia
1073 306 1118 362 991

103 395 233 453 hominis
264 394 319 469 vqui
350 393 445 471 magis
478 396 601 452 ametur.
647 393 785 469 accipite,
817 393 944 467 iudicas,
975 395 1118 452 maiorem

105 484 227 559 pietatis
256 501 369 558 aequae
398 482 612 558 probationem.
658 482 753 540 filium
783 500 837 540 neo
865 501 987 558 peregre
1018 482 1117 541 dimis-

106 590 191 631 surus
209 573 296 650 elegi,
310 571 393 630 iunxi
411 571 538 629 fratrum
557 572 713 647 artavique
732 572 919 630 comitatum:
943 573 973 629 et
991 573 1117 647 utroque

76 663 200 737 epatris
219 662 314 719 latere
327 661 439 719 nudato
453 662 534 719 visus
549 679 615 719 sum
633 660 708 719 mihi
720 662 815 737 magis
834 659 989 718 habiturus
1004 661 1117 718 utrum·

103 769 162 825 que
191 768 320 824 mecum,
347 750 373 809 si
398 749 512 825 pariter
540 752 644 808 essent.
689 749 766 807 hanc
793 748 873 824 apud
900 768 946 807 me
976 749 1118 807 iuvenum

102 839 321 915 aequalitatem
339 838 430 897 etiam
442 839 475 895 in
490 838 711 897 calamitatibus
729 838 851 896 fortuna
869 839 1007 896 servavit.
1037 839 1116 895 uter-

102 947 161 1003 que
187 929 292 1003 captus
316 929 373 1002 est,
401 926 488 986 ambo
512 926 547 985 de
569 927 771 1002 redemptione
796 927 985 1003 scripserunt.
1031 925 1116 985 dissi·

100 1017 199 1075 mules
222 1007 306 1091 licet,
333 1016 443 1075 iterum
465 1019 566 1075 tamen
589 1018 619 1074 et
645 1017 724 1074 inter
747 1014 872 1074 adversa
895 1017 1116 1091 persuasionem

61 1125 88 1167 ro
102 1106 228 1164 carioris
250 1106 377 1164 invenio.
414 1107 445 1162 19
469 1105 644 1181 captivitate
663 1106 812 1164 communi
834 1106 907 1180 puto
930 1106 1028 1163 minus
1052 1122 1116 1181 spe-

99 1196 184 1254 ravit
205 1194 258 1252 ille
281 1194 317 1251 de
339 1196 434 1270 patre,
458 1195 511 1269 qui
532 1193 674 1271 languere
697 1195 804 1269 coepit.

169 1283 216 1341 uu
238 1282 313 1341 mihi
334 1290 423 1357 nunc,
445 1283 691 1357 impotentissime
714 1282 838 1356 iuvenis,
860 1284 904 1357 tu,
927 1300 1045 1358 quaeso,
1068 1301 1112 1340 re·
1132 1282 1151 1338 4

101 1372 224 1447 sponde,
240 1372 311 1446 quid
329 1371 411 1430 aliud
428 1372 525 1429 facere
544 1370 679 1430 debuerit
695 1373 783 1446 pater
797 1371 870 1430 duos
888 1369 1116 1447 redempturus?

101 1463 225 1520 cunctas
247 1460 406 1520 facultates
424 1461 456 1518 in
478 1461 575 1536 pretia
594 1460 714 1537 collegi:
736 1479 797 1534 rue,
820 1460 961 1533 servulos,
984 1462 1116 1534 penates,

62 1568 87 1609 99
101 1555 133 1608 91
156 1550 257 1608 omnia
275 1549 382 1608 viliora
399 1549 608 1626 properantius
626 1549 817 1608 festinatione
835 1549 986 1624 perdentis
1006 1549 1116 1623 addixi,

102 1641 133 1697 91
159 1639 242 1697 91199
269 1656 359 1714 quam
390 1656 450 1696 non
481 1640 582 1714 991991
609 1639 776 1714 excogitare
809 1656 941 1696 summus
974 1637 1116 1712 adfectus,

101 1727 179 1785 nihil
206 1727 351 1786 senectuti
377 1746 473 1801 meae,
500 1727 576 1784 nihil
604 1726 701 1785 dubiis
729 1725 845 1786 casibus
868 1745 989 1802 -pro
1013 1726 1115 1785 incon-

101 1816 184 1874 99119
205 1816 315 1891 pietas!
335 1848 386 1891 -,
411 1816 487 1874 nihil
509 1834 605 1891 neque
623 1816 684 1875 illis
702 1816 860 1891 reservavi,
884 1833 957 1891 quos
976 1815 1114 1874 redemis-

101 1923 171 1964 sem.
220 1908 373 1980 quantum,
395 1903 514 1980 iudices,
538 1905 576 1963 ad
597 1905 713 1979 piratas
736 1904 869 1979 tulerim,
892 1906 967 1964 scire
989 1904 1098 1981 991991Ι

62 2012 89 2052 ao
102 2013 137 2052 ex
164 1994 221 2052 hac
248 1994 334 2052 fame.
380 1993 471 2051 fuerit
497 1995 627 2068 pretium
658 1993 729 2051 licet
756 1993 895 2071 exiguum
921 2013 1115 2070 parvumque,

101 2081 174 2140 dum
191 2084 302 2157 totum;
320 2082 424 2159 fingite
443 2082 607 2157 quamlibet
624 2082 757 2155 divitem,
772 2082 936 2157 quamlibet
953 2102 1115 2159 pauperem

100 2174 233 2247 patrem,
259 2190 345 2230 nemo
372 2189 506 2247 unquam
533 2172 599 2247 plus
627 2190 681 2247 pro
709 2171 811 2230 liberis
839 2171 921 2230 dedit
949 2190 1040 2247 quam
1063 2171 1115 2246 qui

101 2259 159 2319 sibi
181 2259 257 2318 nihil
279 2260 409 2334 reliquit.
454 2261 593 2319 utmmne
615 2260 718 2337 igitur,
741 2259 866 2334 iudices,
894 2278 980 2318 nemo
1003 2261 1113 2318 morta-

100 2349 177 2407 lium
207 2349 299 2407 habet
326 2349 456 2425 pretium
483 2349 646 2424 plurimum
676 2347 858 2407 liberorum?
903 2367 941 2406 an
970 2347 1114 2423 piraticae

62 2454 88 2496 au
100 2437 231 2497 feritatis
253 2437 406 2514 ingenium
429 2440 473 2496 991
494 2437 527 2496 19
550 2439 735 2513 captivorum
757 2438 910 2496 taxatione
929 2437 1007 2496 solos
1027 2438 1114 2496 aesti-

173 2736 189 2784 1
212 2660 477 2801 999199ἓω919111ῗᾞ
495 2733 579 2802 (supr.
595 2732 645 2813 a),
694 2737 711 2784 4
734 2730 831 2802 iunxi}
850 2740 882 2784 M
950 2730 1065 2785 fratrem
1083 2740 1117 2785 M

100 2838 232 2907 (fratrum
249 2839 324 2908 999
400 2829 512 2911 tuisne
531 2801 697 2906 summiiibgis
714 2846 743 2890 Β
818 2837 910 2907 magis
932 2837 1003 2890 mihi
1025 2847 1046 2890 V

101 2907 261 2963 iservabit
277 2916 306 2962 Β
376 2910 547 2977 89991999
618 2907 770 2992 dissimiles
788 2917 840 2961 BV
908 2908 1057 2962 9interim
1074 2917 1113 2977 Β,

99 3015 145 3071 vel
164 3015 268 3069 iterum
290 3032 324 3070 99
359 3036 411 3068 ,99
501 2997 652 3074 10199919
670 3024 698 3067 Β
715 3015 736 3085 (1
754 3032 828 3084 supr.
845 3014 896 3085 99)
988 3020 1020 3068 12
1039 3032 1113 3069 nunc

100 3104 149 3142 om.
170 3095 191 3138 V
258 3091 289 3140 13
329 3084 458 3140 abuerint
474 3095 503 3139 Β
570 3090 603 3139 14
622 3087 722 3140 999919
740 3095 764 3139 ,1
815 3086 845 3139 19
863 3085 955 3155 999119
973 3103 1023 3141 om.
1043 3095 1064 3138 v

101 3157 224 3228 collegi}
242 3166 274 3211 M
324 3158 505 3226 99999199Β
561 3162 593 3210 lb
612 3157 712 3211 viliora
731 3179 761 3211 a:
781 3157 896 3210 utiliora
913 3157 1022 3225 reliqui,
1040 3157 1113 3211 99119

100 3236 124 3284 et
140 3250 174 3282 m
192 3229 225 3282 aba
243 3246 342 3299 marp:
361 3228 407 3282 vel
423 3227 546 3294 utiliora,
565 3228 595 3282 et
612 3228 666 3282 hoc
684 3227 778 3297 plures
796 3227 863 3282 libri
881 3227 988 3281 habent
1049 3245 1113 3296 pro-

100 3299 247 3369 perantius
263 3299 341 3355 Deae.
352 3317 382 3369 p.
394 3304 443 3354 98:
462 3299 678 3369 properantibus
697 3300 937 3369 (prosperantibus
951 3301 981 3369 s)
996 3320 1030 3367 ω;
1049 3316 1113 3367 pro-

100 3371 249 3440 perantis
321 3376 353 3425 17
374 3370 748 3426 999991911-911111999.Β
812 3370 896 3424 nihil:
916 3369 1020 3436 mechil
1042 3379 1064 3422 V

101 3443 183 3512 proh:
203 3441 291 3512 proch
306 3453 334 3496 Β
387 3447 419 3496 18
437 3441 495 3496 illis
515 3464 544 3497 a:
564 3441 608 3494 illi
627 3454 679 3506 ayo
731 3443 1115 3513 querimoniarum.

102 3531 185 3583 quem
207 3522 276 3577 Vcoy
