2408 3840
361 125 596 183 1111011111Ήο
614 125 770 182 inne-4.
1005 126 1070 191 249

55 315 130 357 sane
149 295 241 356 debat
263 296 544 356 oeeasionommihi
562 298 770 373 opportunitas
792 295 906 355 hortuli
923 298 989 354 mei.
1027 297 1073 356 est

55 404 188 461 namque
214 386 331 462 positus
358 383 396 445 ed
423 387 506 445 ortus
534 379 605 444 solis
633 384 751 444 hiberni
778 387 907 461 apricus,
936 385 1071 444 omnibus

56 474 157 534 ventis
174 473 297 534 medius.
334 474 418 534 fusus
441 493 476 534 ex
498 475 633 551 proximo
651 475 734 533 fonte
751 476 835 533 rivus
853 474 1071 550 trepidantibus

57 566 137 624 inter
159 563 311 623 radiantes
335 563 464 623 oaleulos
487 564 573 639 aquis
595 564 746 640 utrimque
765 565 832 640 ripa
849 565 965 643 virente
987 583 1072 640 prae·

35 652 181 717 eterduit
226 653 301 712 satie
324 652 432 712 eonsiti
457 651 544 712 flores
567 655 597 711 et
619 651 724 711 viridis
748 654 884 729 quemvis
909 670 1072 728 paucarum

57 741 200 802 arborum
221 758 315 816 aomo,
337 740 526 800 nascentibus
548 742 667 818 populis
689 741 789 818 prima
807 741 899 817 sedes,
921 740 998 800 unde
1017 760 1071 818 ego

55 831 231 908 frequenter
256 832 424 890 consertum
450 847 545 889 novae
572 831 737 890 iuventutis
766 849 872 908 agmen
894 848 977 888 ramo
1005 841 1071 907 gra-

56 922 196 980 vescente
222 919 346 996 suscepi.
392 936 446 978 neo
472 938 519 978 me
541 921 628 978 tanta
653 918 791 995 oapiebat
813 921 965 995 voluptas,
994 918 1072 994 quod

54 1008 183 1068 fluentia
201 1008 275 1068 eeris
293 1008 383 1067 mella
401 1007 563 1084 conderem,
586 1008 667 1084 quod
685 1007 723 1067 ad
741 1008 927 1068 sustinendas
945 1027 1072 1084 pauper-

17 1099 132 1163 utatis
159 1099 309 1173 impensas
336 1097 480 1157 deferrem
506 1099 539 1156 in
563 1097 681 1172 urbem,
704 1097 784 1174 quod
807 1097 914 1157 divites
941 1098 1073 1156 emerent

57 1206 151 1264 quam
174 1186 254 1262 quod
277 1186 417 1246 adversus
435 1183 536 1246 omnia
558 1187 654 1246 lassae
676 1186 777 1246 taedia
795 1185 904 1246 aetatis
926 1185 1070 1245 habebam
1161 1256 1163 1263 4

57 1294 148 1336 senex
179 1274 259 1351 quod
295 1293 419 1354 agerem.
470 1275 594 1335 iuvabat
625 1277 679 1335 aut
714 1275 797 1334 lenta
827 1276 941 1334 vimina
973 1276 1072 1333 vernis

57 1363 188 1424 foetibus
211 1367 318 1440 texere,
340 1383 378 1424 ne
396 1365 444 1424 vel
462 1364 593 1424 aestivus
612 1364 701 1424 ordor
724 1366 777 1424 aut
798 1365 923 1423 hiberna
940 1365 987 1422 vis
1006 1383 1071 1442 gra·

56 1453 161 1514 vidam
183 1453 353 1530 penetraret
375 1453 489 1528 alvum,
514 1454 626 1513 hiantis
648 1456 740 1513 rimas
762 1455 862 1513 tenaci
888 1454 976 1512 linire
1002 1452 1072 1512 fimo

18 1563 45 1605 re
59 1545 113 1602 aut
135 1543 221 1602 fessis
240 1543 345 1618 apibus
363 1543 443 1601 ultro
461 1542 603 1619 praebere
626 1543 717 1602 mella
739 1546 793 1601 aut
814 1543 1072 1620 fugiens‘exemen

58 1650 126 1691 uere
149 1633 260 1691 terrere
283 1633 337 1690 aut
357 1630 438 1691 bella
460 1631 562 1692 sedare
584 1632 717 1708 pulveris
734 1633 825 1707 iaetu,
848 1634 922 1706 tum,
944 1630 1073 1706 nequid

57 1721 185 1797 periculi
203 1719 309 1780 saltem
327 1719 452 1798 singulis
471 1724 556 1796 esset,
579 1721 682 1781 avidas
704 1721 793 1798 longe
815 1722 920 1798 fugare
938 1722 1072 1780 volueres

58 1812 89 1869 et
111 1827 213 1868 aroere
235 1827 329 1886 parva
352 1809 434 1868 diotu
457 1809 614 1884 animalia,
641 1811 771 1870 reclusas
797 1811 919 1869 interim
944 1811 1072 1869 serutari

58 1899 163 1976 apium
187 1897 297 1973 domos,
319 1918 357 1958 ne
378 1917 432 1975 per
449 1916 559 1959 vaenue
584 1894 667 1958 alvos
689 1899 777 1958 foeda
799 1901 891 1975 pestis
913 1899 1071 1958 insidiosas

20 1989 174 2050 ”texeret
195 1987 307 2064 plagas.

125 2075 274 2135 Dederam
301 2075 451 2136 laboribus
474 2076 548 2136 meis
569 2077 681 2159 iustam
704 2096 791 2136 sonex
812 2078 995 2149 missionem,
1018 2073 1108 2132 has

58 2163 166 2225 bobum
199 2183 275 2241 quae
300 2184 356 2242 pro
387 2185 435 2224 me
462 2184 536 2242 opus
563 2166 702 2225 faeerent.
749 2184 807 2241 quo
834 2183 894 2224 non
924 2165 1072 2240 penetras,

58 2255 137 2314 livor
162 2252 317 2329 improbe?
363 2254 471 2329 quidve
499 2255 619 2314 scabrae
642 2254 826 2333 malignitati
851 2255 984 2313 clausum
1008 2250 1072 2311 est?

58 2343 169 2402 inridit
191 2344 317 2419 pauperi
339 2342 429 2403 dives.
467 2361 534 2402 oum
557 2346 709 2403 evocasset
730 2362 777 2402 me
801 2342 899 2402 subito
921 2341 1072 2418 trepidum
1102 2331 1107 2379 ἶ

22 2434 183 2507 stotoque
205 2432 343 2491 fortunae
366 2450 436 2492 suae
460 2432 588 2508 strepitu
610 2433 868 2492 enoumstetisset:
910 2425 994 2506 ‘quid
1017 2425 1073 2505 tn',

58 2522 167 2597 inquit,
196 2515 267 2580 ‘non
298 2523 383 2597 potes
415 2523 551 2597 inperare
584 2515 689 2597 apibus
716 2521 776 2581 tuis
808 2522 889 2580 intra
920 2522 1072 2596 privatum

132 2743 253 2798 lortuli
272 2753 299 2797 P
383 2743 515 2798 2hontue
534 2753 562 2796 Β
645 2743 712 2798 solis
729 2743 840 2798 hiberni
858 2747 890 2798 in
907 2761 961 2798 rae.
976 2753 1004 2797 Β

67 2814 84 2852 a

58 2861 183 2943 etpriene
205 2877 244 2935 Β;
267 2871 297 2922 et
320 2868 432 2937 aprione
449 2876 500 2921 Vn
574 2873 661 2922 tex:
688 2871 773 2936 et13
799 2875 892 2936 em
918 2881 1005 2923 omo

56 2938 201 3009 proximus
220 2948 268 2992 Bu
354 2945 371 2992 4
395 2938 511 2994 oalluloe
530 2949 558 2993 P
644 2939 751 2993 virente
774 2940 837 3009 ripa
857 2949 899 3007 Μ,
922 2945 1026 3009 tranop.
1041 2959 1072 2992 m

57 3016 161 3080 tergo
179 3019 207 3063 Β
290 3011 527 3075 eeoneonderem
546 3021 574 3065 P
662 3015 695 3064 10
715 3011 863 3077 defferrem
880 3020 910 3077 νς
932 3009 1072 3064 differrem

56 3079 254 3150 13differam
271 3091 296 3135 1
384 3088 415 3136 11
440 3080 533 3136 lassae
556 3084 585 3137 et
604 3082 701 3136 taedia
720 3091 752 3135 Β
838 3080 959 3135 habeam
977 3090 1004 3133 P

57 3159 90 3209 12
108 3151 306 3207 vimina—ne
325 3153 388 3207 l.13
406 3161 493 3208 onas
557 3158 589 3206 18
608 3155 715 3208 texere:
736 3169 813 3207 -xere
830 3154 862 3206 in
879 3170 934 3208 ros.
949 3162 977 3205 Β
1037 3168 1072 3206 ne

56 3224 100 3280 vel
114 3223 188 3280 Set:
208 3240 243 3278 ue
262 3241 312 3280 om.
328 3233 387 3291 ³1⁷3
406 3224 592 3289 velommsu
644 3223 767 3279 arborP
819 3225 880 3278 ant:
901 3224 937 3278 ad
951 3233 979 3277 Β
1031 3224 1072 3277 vis

55 3295 204 3367 grandinis
222 3305 247 3349 1
335 3301 368 3350 14
386 3294 497 3349 hiantes
516 3308 552 3360 eu
638 3295 726 3350 linere
745 3305 811 3359 Meu
904 3300 935 3349 16
954 3299 1071 3349 terrere:

55 3367 149 3440 tratre
167 3376 196 3419 Β
282 3366 373 3420 iaetu:
391 3384 412 3420 u
430 3383 464 3421 ee
480 3383 549 3422 corr.
565 3375 597 3420 Β
680 3370 713 3420 19
731 3383 820 3421 vaona
839 3365 932 3420 saluos
951 3369 974 3435 (e
988 3367 1072 3436 prino

55 3440 153 3563 ιν.)Ιέ
212 3436 324 3506 phoeda
341 3447 406 3505 ΒΙ,
425 3454 493 3494 eorr.
509 3447 567 3490 ΒΜ
627 3438 764 3491 insidians
778 3447 806 3491 Β
871 3443 904 3491 25
925 3437 974 3506 qni
991 3440 1023 3492 tu
1043 3444 1075 3489 Β

57 3514 90 3564 26
109 3526 130 3563 u
161 3508 237 3562 intra
254 3518 275 3560 V
