2408 3840
150 145 215 208 238
467 144 720 200 GADAVERIBVS
739 144 845 200 PASTI

151 332 247 386 arma,
275 316 306 372 et
328 332 359 373 se
381 313 413 372 in
436 313 619 374 obsidionem
642 314 940 374 civitatisinimicee
968 315 1032 375 sine
1057 315 1163 375 dilectu

148 402 276 477 populus
295 402 432 462 effundet.
469 402 593 462 vastabo
612 402 733 461 interim
750 402 832 478 fines,
850 404 908 463 hoc
926 406 980 479 est,
998 423 1054 480 per
1073 405 1165 464 aliena

148 493 237 566 prata
259 509 373 566 pascar.
420 494 446 550 si
469 510 529 567 qua
551 492 583 550 in
605 491 686 553 villis
710 492 929 570 deprehendero
952 511 1071 569 pecora,
1093 493 1165 553 deri·

149 582 240 656 piam,
263 581 375 639 bellum
397 600 444 640 me
468 581 535 640 alet.
583 582 670 640 citius
693 581 732 640 ad
755 581 938 640 frumentum
961 584 1164 658 perveniemus

149 689 239 743 quam
268 672 303 728 tu
331 688 398 728 cum
430 670 580 728 frumento
611 669 735 744 redibis,
766 670 953 730 adiuvabant
982 675 1194 749 pugnantems

148 761 228 817 iusta
251 760 444 816 sacramenta.
491 759 517 817 si
540 760 699 836 contigerit
722 777 825 817 aecum
848 760 987 818 fortunae
1012 761 1163 836 iudicium,

147 865 207 906 non
234 866 314 906 meos
345 848 465 905 tantum
497 849 677 908 commeatus
705 849 860 923 recipiam,
892 849 919 908 si
945 851 1062 925 minus,
1089 854 1164 910 certe

148 936 268 995 dabitur
290 935 363 994 bene
386 938 470 995 mori.
516 937 605 996 liceat
629 939 659 996 et
681 955 804 996 manum
826 955 992 1013 conserere,
1015 939 1050 997 in
1074 941 1163 999 aciem

148 1025 312 1102 confligere.
359 1024 488 1084 condant
511 1043 541 1084 se
563 1028 667 1101 postea
690 1027 762 1085 licet
783 1026 890 1101 muriS,
914 1027 948 1084 in
970 1027 1093 1105 longius
1115 1028 1163 1087 ob-

149 1115 224 1173 sidio
240 1116 298 1188 eat,
315 1115 436 1172 interim
450 1118 528 1174 certe
547 1114 678 1173 hostium
693 1116 794 1191 potius
809 1115 1004 1176 cadaveribus
1023 1118 1163 1177 vivemus.
1173 1134 1196 1178 ιο

216 1202 273 1261 Sed
297 1203 381 1262 nulla
403 1205 449 1262 vis
472 1204 544 1277 fuit,
572 1204 655 1262 nulla
679 1204 807 1263 exterior
828 1190 953 1280 iniuria,
975 1208 1065 1265 tuum
1087 1209 1164 1266 certe

148 1294 344 1351 commeatum
366 1311 453 1350 nemo
476 1293 584 1368 rapuit.
622 1294 687 1352 iure
710 1292 811 1353 miseri
835 1312 937 1353 sumus
961 1296 991 1353 et
1014 1313 1052 1353 ex
1072 1298 1163 1372 stipu-

146 1381 212 1438 latu
226 1380 320 1458 legati
333 1382 428 1440 nostri
446 1383 585 1457 perimus
622 1381 758 1441 vendidit
772 1383 918 1457 quantum
932 1383 1040 1458 voluit,
1060 1384 1164 1460 quanti

146 1470 244 1528 voluit
267 1473 305 1543 et,
328 1472 363 1528 ut
385 1471 441 1529 hoc
465 1471 503 1529 ad
525 1472 642 1530 nostras
666 1471 818 1531 accederet
834 1489 943 1547 moras,
966 1472 1096 1533 fumasse
1113 1472 1163 1532 diu

147 1560 316 1618 cocionatus
335 1561 387 1618 est.
425 1561 520 1618 omnis
540 1577 607 1618 cum
624 1559 681 1619 fide
699 1561 853 1637 persoluta
871 1562 999 1637 pecunia
1019 1563 1073 1621 est.
1109 1563 1195 1623 hoeu

147 1646 199 1721 qui
220 1645 349 1724 colligo?
386 1647 439 1723 qui
463 1649 568 1724 quanti
586 1649 683 1707 voluit
701 1649 812 1724 vendit,
835 1649 957 1724 iudices,
980 1653 1083 1727 potest
1104 1671 1162 1711 non

145 1735 279 1794 vendere.
324 1756 408 1811 nam,
435 1737 612 1813 perfidem,
640 1738 666 1797 si
692 1756 797 1815 rapere
820 1739 952 1797 alienum
979 1739 1162 1801 frumentum

145 1827 175 1882 et
198 1828 322 1901 possunt
344 1828 375 1885 et
393 1826 507 1901 volunt,
531 1825 603 1902 quid
626 1828 670 1885 ita
693 1827 816 1903 duplam
838 1828 997 1903 pecuniam
1020 1827 1161 1889 solvunt?

145 1933 214 1972 nam
239 1914 385 1989 quomodo
408 1915 440 1972 in
463 1933 572 1993 magna
594 1916 697 1992 inopia
721 1916 863 1991 quicquid
885 1917 944 1975 emi
969 1920 1082 1993 potest,
1103 1918 1161 1978 vile

145 2007 202 2062 est:
230 2005 287 2077 ita,
315 2023 382 2062 cum
405 2005 500 2079 possis
527 2003 636 2064 habere
659 2005 838 2082 gratuitum,
866 2005 958 2081 duplo
981 2025 1086 2067 carum
1108 2009 1193 2067 esse

145 2093 196 2151 sed
218 2093 292 2151 mihi
316 2092 434 2168 credite,
459 2093 539 2152 color
560 2095 618 2152 iste
641 2095 802 2170 patrocinii
820 2097 865 2153 est
888 2098 918 2153 et
937 2093 989 2153 diu
1007 2097 1041 2153 in
1061 2100 1159 2156 saturo

145 2183 207 2240 otio
231 2183 364 2259 cogitata
387 2181 526 2241 defensio.
564 2201 623 2241 non
647 2185 747 2260 potest
769 2183 876 2242 similis
899 2203 1045 2259 umquam
1068 2186 1157 2244 fames

91 2268 129 2322 22
144 2272 243 2330 fuisse.
289 2289 343 2331 nos
366 2289 455 2348 grave
479 2270 566 2329 huius
590 2273 662 2329 anni
684 2271 765 2330 sidus
789 2271 921 2347 adflavit,
944 2276 1084 2333 nostrum
1104 2274 1157 2333 hoc

144 2360 240 2418 satum
258 2360 317 2419 fuit
336 2377 409 2435 quos
428 2378 488 2419 non
510 2362 629 2419 tantum
647 2363 713 2420 sata
731 2361 783 2420 sed
806 2362 898 2420 etiam
917 2364 1020 2438 empta
1043 2364 1156 2436 fallunt,

145 2450 196 2523 qui
223 2450 325 2508 nostra
353 2450 491 2524 pecunia,
518 2451 621 2508 nostra
648 2449 754 2524 classe,
781 2452 884 2510 nostre
911 2450 1026 2528 legato,
1060 2456 1188 2511 nostros

144 2540 246 2613 vento,
281 2537 452 2597 felicissimo
487 2557 575 2598 cursu
606 2541 804 2598 commeatum
837 2541 938 2597 tamen
967 2541 1154 2615 perdidimus.

144 2645 197 2686 nos
221 2646 239 2684 a
262 2627 410 2686 frumento
433 2627 552 2704 longius
576 2645 690 2702 sumus,
713 2627 751 2686 ad
773 2628 859 2686 iilam
882 2629 1038 2689 civitatem
1061 2630 1155 2708 potuit

216 2873 229 2920 1
250 2866 353 2921 delicto
372 2877 401 2934 V,
422 2866 534 2922 delectu
548 2877 593 2931 m
647 2873 663 2922 1
681 2867 828 2937 pareliano
842 2877 901 2922 nr!
912 2868 968 2939 (vel
985 2885 1038 2939 per
1049 2913 1055 2925 .
1067 2911 1073 2924 .
1085 2913 1090 2923 .
1104 2871 1152 2938 ιι);

142 2938 251 3008 penalia
268 2949 293 2991 1
363 2937 490 3009 31111Ξ10
510 2937 710 3009 (1100000111
781 2939 913 3009 diripiam
935 2950 990 3004 Veo
1060 2948 1078 2995 4
1098 2956 1153 3011 per·

142 3010 268 3064 venimus
280 3009 462 3064 --frumento
481 3012 497 3064 l.
514 3015 531 3064 5
549 3027 600 3064 om.
615 3020 636 3062 V
705 3016 721 3064 6
739 3009 795 3064 ista
813 3020 873 3065 M!
889 3009 943 3080 (vel
960 3014 1028 3066 usta
1046 3016 1089 3082 m)

143 3082 183 3135 sic
203 3080 372 3151 contingerit
389 3091 417 3135 Β
469 3097 590 3149 acquum
609 3103 631 3133 ω
645 3087 756 3151 praeter
774 3090 802 3135 Β
859 3087 874 3134 ‘1
894 3086 1054 3138 comeatum
1072 3093 1094 3136 V

142 3159 157 3205 9
182 3153 212 3206 in
231 3170 279 3207 oro.
296 3164 332 3217 eo
419 3152 528 3222 opsidio
547 3162 575 3206 Β
664 3158 697 3207 11
721 3155 880 3208 comeatum
897 3163 919 3205 V
933 3160 959 3208 et
976 3156 1018 3209 uic
1035 3157 1151 3225 sceptra

143 3242 205 3278 cum
224 3226 347 3278 meatum
366 3233 399 3276 Μ
469 3229 501 3277 14
521 3223 557 3278 ad
575 3226 685 3278 nostras
703 3223 757 3279 hoc
774 3234 796 3277 V
865 3230 897 3278 15
916 3226 1081 3281 cocionatus
1096 3224 1151 3281 sii-

141 3350 257 3404 mase'us:
278 3349 459 3402 concionatus
478 3371 500 3401 ω
573 3354 606 3403 16
626 3347 696 3416 quid
715 3348 818 3420 colligo
837 3359 869 3403 11
928 3349 994 3404 nult
1011 3359 1063 3417 VS,
1086 3298 1153 3405 adlit

143 3430 170 3473 ι’
230 3422 295 3488 post
312 3429 340 3473 Β
412 3425 444 3473 11
464 3426 529 3490 pest
545 3419 665 3474 vendere
683 3426 778 3476 notem
794 3420 820 3473 Κ
843 3419 908 3474 odd.
923 3442 956 3488 ας
978 3423 1015 3489 cf.
1025 3423 1152 3492 p.239,c

136 3532 173 3581 18
192 3525 341 3583 solvuntur
359 3536 387 3580 P
439 3533 474 3582 11
491 3543 613 3597 usquam
632 3536 687 3591 Vso
741 3533 774 3581 13
793 3508 916 3582 nostrvm
934 3536 964 3581 Β
1012 3533 1047 3583 11
1066 3528 1116 3584 illa
1129 3534 1153 3581 Ι
