2408 3840
81 161 148 225 274
469 158 547 214 ODII
564 158 702 214 ΡΟΤΙΟΙ
774 210 776 214 .

82 331 178 388 faetus
197 347 263 387 eum
282 330 344 387 iam
362 347 426 388 sum
446 329 531 403 alius,
553 329 667 403 infelix,
687 329 749 388 alia
765 327 906 404 patiens?
940 329 1097 407 decipiunt

82 437 135 476 vos
158 436 256 475 rerum
278 417 447 493 falluntque
469 419 598 477 nomina.
635 420 665 476 et
686 417 739 476 ille
761 419 815 494 qui
837 417 911 493 odit
934 418 971 477 de
994 437 1097 479 amore

82 509 172 565 miser
194 507 247 565 est.
293 525 353 565 non
375 507 467 565 refert
490 508 583 565 animi
605 506 678 582 quid
699 508 827 565 nimium
848 507 937 581 velis,
963 509 995 566 et
1016 508 1097 567 inter

83 597 242 655 sanitatem
269 595 501 673 languoremque
523 595 600 654 nihil
622 597 759 671 interest,
786 597 813 656 si
835 597 996 672 utrumqne
1018 596 1097 656 ferre

83 704 142 744 non
160 685 262 761 possis.
299 685 412 744 frustra
428 685 503 742 mihi
517 686 675 760 quisquam
693 684 846 744 blanditur
861 685 993 745 remedio
1012 687 1096 746 euius

82 773 183 849 patior
204 775 363 847 tormenta,
386 774 540 832 eruciatus.
587 773 671 831 aliud
698 776 756 848 est,
782 776 818 833 ut
844 792 947 833 amare
969 774 1096 850 desinas,

84 863 175 937 aliud,
202 864 237 920 ut
259 862 363 922 oderis.
409 864 561 922 recessisse
586 881 665 921 nuno
691 882 739 922 me
765 864 885 922 tautum
912 865 1029 940 putatis
1056 863 1095 923 ab

84 971 183 1012 amore
209 948 395 1010 meretricis?
439 950 557 1010 ablatus
585 953 630 1010 est
656 952 731 1010 mihi
757 952 811 1011 ille
836 952 968 1012 hominis
990 953 1096 1012 melior

84 1040 225 1113 adfectus,
248 1039 364 1116 perdidi
387 1041 477 1099 miser
499 1038 642 1116 quioquid
664 1044 717 1113 est,
743 1041 821 1100 unde
842 1041 996 1119 gaudium,
1017 1041 1094 1102 unde

83 1131 166 1188 venit
188 1131 269 1188 vitae
291 1131 357 1187 tota
380 1130 505 1187 laetitia.
543 1147 626 1188 amor
648 1129 709 1204 ille,
731 1148 784 1205 per
808 1148 898 1205 quem
919 1149 1021 1190 rerum
1043 1150 1092 1190 na·

83 1221 169 1277 turae
201 1235 285 1276 saera
316 1217 481 1292 primordia
509 1219 661 1293 totiusque
688 1218 792 1277 mundi
818 1219 967 1280 elementa
999 1239 1092 1280 orere

83 1309 166 1380 runt,
199 1308 250 1381 qui
281 1309 365 1364 tenet
390 1325 469 1365 nuno
500 1305 624 1384 figitque
655 1309 786 1366 rixantia
816 1310 847 1366 et
874 1308 911 1368 de
938 1311 1092 1369 oontrsriis

84 1396 380 1471 depugnantibusque
411 1394 571 1455 seminibus
607 1397 716 1455 molem
751 1399 913 1473 perpetuae
944 1399 1092 1458 societatis

83 1484 238 1558 animavit,
260 1485 382 1560 fugatus
406 1485 582 1560 eiectusque.
619 1504 679 1544 non
701 1485 795 1544 habeo
818 1486 923 1545 infelix
946 1487 1090 1547 adfectum

83 1591 141 1648 quo
165 1572 341 1648 quandoque
364 1574 476 1649 possim
499 1573 604 1633 dueere
627 1593 758 1648 uxorem,
780 1593 881 1634 amare
904 1575 1022 1651 liberos,
1044 1596 1102 1653 ep:

82 1664 183 1738 patere
206 1663 364 1736 amicitias,
387 1681 505 1738 sperare
527 1665 687 1722 convietus.
725 1665 860 1739 quisquis
884 1664 947 1723 odii
969 1665 1088 1725 medioa-

82 1754 216 1809 mentum
232 1750 350 1826 biberit
369 1771 461 1810 unum
483 1751 618 1812 fortassis
637 1752 742 1826 oderit,
760 1753 811 1812 sed
829 1771 931 1813 amare
949 1756 1088 1814 neminen

83 1842 189 1915 potest.
237 1839 279 1897 dii
300 1841 497 1900 immortales!
521 1841 593 1916 quid
616 1861 670 1919 ego
693 1839 800 1901 hausi?
824 1842 911 1916 qualo
933 1842 1087 1903 visceribus

84 1931 166 1988 virus
188 1928 337 2006 ingestum
361 1926 427 1988 est?
470 1948 530 1988 non
552 1930 611 1989 fuit
632 1930 709 1989 illud
731 1950 824 1989 unum
846 1950 1008 1992 venenum:
1032 1930 1086 1991 bibi

84 2020 173 2077 miser
201 2019 395 2077 execrationis
418 2018 559 2094 quioquid
586 2021 679 2078 totius
702 2019 898 2079 mortalitatis
923 2022 972 2080 ira
995 2022 1102 2081 contu-s

84 2108 169 2180 ferat,
188 2107 268 2182 quod
286 2109 350 2165 erat
368 2108 500 2166 omnium
519 2108 656 2182 ferarum,
675 2110 808 2167 omnium
825 2111 1010 2185 serpentium
1026 2128 1084 2169 eor

84 2199 169 2274 gesta
200 2195 305 2254 rabies.
352 2194 414 2255 odii
445 2195 693 2256 medioamentum
721 2197 793 2273 quid
824 2197 907 2257 aliud
934 2202 982 2259 est
1007 2215 1084 2275 quau

85 2285 225 2344 adsiduus
249 2284 341 2344 animi
363 2285 456 2359 labor,
479 2287 624 2360 perpetua
645 2288 771 2346 tristitia
789 2288 926 2346 ethome
945 2287 984 2349 ab
1003 2286 1082 2347 ornu'r

84 2374 139 2433 bus
162 2372 279 2451 gaudiis
301 2375 334 2430 in
357 2373 582 2432 contubernium
604 2374 714 2434 doloris
737 2374 905 2436 adductus?
950 2376 1016 2437 fieri
1035 2392 1081 2434 noe

84 2466 195 2538 potest,
222 2466 256 2520 ut
279 2464 360 2520 virus
383 2464 447 2521 tam
474 2464 612 2540 inpotens
640 2464 729 2523 semel
751 2466 784 2523 in
806 2467 921 2525 viscera
943 2469 1102 2543 reeeptrur

157 2720 248 2774 liam
266 2737 316 2776 om.
332 2730 370 2788 M,
388 2738 462 2791 supr.
478 2741 509 2773 m
562 2723 735 2790 patenam
787 2727 903 2776 tnoss
958 2724 1008 2794 qui
1021 2722 1081 2778 odit:

86 2791 209 2860 quodid
229 2791 391 2862 (deam
444 2793 595 2847 deam]
647 2802 809 2847 amoramn
862 2794 1084 2850 smisertusrr

85 2863 275 2916 4ferrum11
363 2865 509 2917 stantum
527 2873 619 2919 orm
704 2868 737 2917 10
759 2865 1026 2921 naturae:nareu

86 2939 118 2986 12
137 2936 234 2987 tenent
252 2943 304 2986 BV
371 2935 446 2988 huno
465 2947 505 2987 ao
574 2935 707 2988 contariis
724 2944 758 3002 B,
776 2953 791 2989 r
807 2946 916 3004 supr&
990 2943 1023 2992 13
1038 2947 1083 3005 qua

84 3007 116 3057 ia
131 3022 185 3059 ras.
202 3014 232 3056 M
295 3012 327 3058 14
347 3007 467 3059 armavit
483 3015 542 3058 Bm
558 3005 612 3076 (vel
630 3006 766 3060 animarit
782 3023 857 3075 supr.
872 3010 914 3077 m)
979 3009 1084 3064 eiectus

85 3092 139 3143 que
163 3077 245 3129 ests
342 3082 374 3129 15
400 3092 511 3145 quoque
535 3078 702 3146 quandoque
725 3086 753 3130 Β
842 3083 875 3131 17
899 3089 1029 3134 urrarnsr

86 3153 119 3199 18
139 3147 201 3199 ausi
218 3155 246 3199 Β
313 3152 345 3200 19
364 3147 508 3217 ingustum
526 3157 560 3215 Β,
578 3160 679 3203 coras
746 3148 1084 3206 aoexaeerationie:1is

84 3271 138 3307 ras.
159 3263 188 3319 s'3
212 3233 363 3308 ereffitionis
383 3263 414 3307 Μ
519 3255 718 3310 amortalitatis
735 3264 787 3308 BV
890 3257 934 3313 ira
952 3260 1026 3322 bias

86 3331 117 3377 21
143 3324 266 3378 omnium
288 3325 410 3379 ferarum
432 3327 542 3395 scripsi3
566 3327 690 3380 omnium
707 3326 829 3382 furorem
846 3337 887 3396 Βς
910 3330 1033 3385 omniurn
1047 3324 1083 3379 fu

84 3411 176 3448 rorum
196 3405 270 3463 Vm3
289 3397 413 3451 omniurn
428 3397 594 3451 animalium
607 3398 729 3452 ferorum
743 3410 773 3466 σς
792 3399 918 3454 omnium
932 3398 1083 3455 animalium

85 3465 163 3519 furor
181 3479 208 3531 33
231 3468 354 3521 omnium
373 3468 450 3522 furor
468 3469 590 3522 ferarum
609 3469 686 3525 Desa.
777 3475 810 3523 22
834 3487 921 3539 quam
939 3480 1027 3528 om

82 3543 117 3592 23
135 3537 229 3594 fabor:
249 3538 330 3595 dolor
348 3549 371 3593 s
436 3556 499 3594 orno
519 3549 544 3593 Β
615 3547 648 3594 25
666 3544 762 3596 tamen
779 3551 808 3595 Β
876 3542 1054 3604 νίεοοτίδιιεβ
