2408 3840
136 143 178 207 82
498 142 786 198 nnrnnnrrrors

135 311 248 370 scilicet
265 312 338 370 haec
355 311 446 371 fuerit
459 313 538 372 ratio
555 311 686 390 fingendi
700 311 780 387 quod
798 310 915 370 dicebat
932 314 1055 387 usitata,
1070 331 1149 372 com-

134 401 237 458 munia
256 420 332 476 quae
350 401 468 461 futrrrus
489 404 576 477 pater
593 401 681 460 facile
699 401 839 474 crederet,
862 400 990 460 libenter
1007 399 1149 462 audiret?

134 490 261 563 fortiter,
283 489 390 565 inquit,
412 491 503 548 faciet
525 489 604 549 filius
626 492 703 549 tuus.
740 508 821 567 rogo,
844 488 895 547 ubi
918 491 1014 570 magis
1036 490 1150 551 desinit

135 581 186 653 qui
208 579 359 637 mentitur.
402 579 454 638 sed
474 578 580 654 quibus
602 579 662 654 ille,
686 578 729 636 dii
751 579 889 656 deaeque,
912 579 1014 657 signis,
1039 580 1148 655 quibus

133 667 274 742 impletus
298 671 343 727 est
362 669 442 728 notis
462 669 513 743 qui
532 667 567 726 de
585 668 735 743 parricida
753 667 940 727 dissimulare
957 688 1018 728 non
1036 669 1148 744 potuit,
1172 685 1184 727 1

134 774 201 814 cum
234 759 389 832 quaereret
418 755 525 833 peter?
571 759 667 815 artem
695 751 814 815 tantum
844 757 949 815 mirari
981 776 1028 816 me
1061 760 1149 833 peter

133 844 242 920 putas?
284 864 339 923 ego
360 847 453 904 miror
475 845 616 919 animum,
639 848 746 920 stupeo
769 846 974 905 constantiam.
1012 845 1079 922 erit
1102 847 1148 906 in·

135 934 209 1009 quit,
232 936 279 994 vir
301 935 388 995 fortis
412 937 443 993 et
464 934 621 1009 parricide.
658 953 731 1012 rogo
751 952 827 1009 quas
845 936 922 994 ratio
947 935 1075 994 fallendi
1093 938 1147 1011 est

134 1022 300 1099 codicem,
327 1026 451 1100 propter
478 1042 554 1099 quae
581 1042 636 1082 nec
663 1022 812 1098 prioribus
836 1022 941 1082 debeat
968 1022 1071 1082 credi?
1114 1026 1147 1083 in

133 1111 294 1186 parricidio
313 1112 392 1188 quod
414 1111 615 1187 prospiciebat
632 1113 867 1187 mathematicus,
889 1113 962 1171 haec
984 1113 1050 1172 sola
1068 1115 1147 1173 ratio
1160 1133 1186 1174 ro

133 1202 192 1258 fuit
205 1200 361 1276 mendacii,
380 1221 417 1260 ne
430 1201 657 1276 praediceretur,
687 1202 751 1260 fero
769 1204 879 1275 tamen,
897 1203 933 1260 ut
946 1203 1012 1276 quis
1029 1203 1064 1260 in
1078 1203 1147 1262 aliis

134 1289 399 1349 consultationibus
414 1289 510 1366 decipi
524 1290 620 1365 possit
633 1292 687 1348 aut
700 1309 811 1363 errer03
830 1289 866 1349 de
880 1290 981 1349 futuro
994 1290 1148 1367 parricida

133 1396 193 1435 non
219 1379 315 1456 magis
342 1380 570 1438 mathematicus
597 1381 696 1455 potest
724 1397 814 1454 quam
840 1381 927 1454 pater
952 1379 1146 1458 interrogare.

81 1467 119 1522 ld
202 1464 318 1543 Omnes,
338 1468 425 1527 sicuti
445 1467 524 1544 apud
542 1486 644 1527 sacrae
662 1467 735 1527 artis
754 1467 908 1527 antestites
927 1468 1000 1528 satis
1018 1471 1147 1547 constet,

134 1556 250 1614 animae
272 1556 469 1632 proprietates
492 1558 523 1615 et
545 1557 660 1616 futures
683 1556 828 1615 mentium
848 1574 1063 1632 corporumque
1086 1558 1146 1617 for·
1160 1575 1184 1617 re

133 1663 197 1703 mas
232 1664 266 1703 ex
297 1645 417 1704 illorum
449 1645 579 1705 siderum
611 1645 756 1721 qualitate
789 1644 895 1720 quibus
926 1646 959 1703 in
991 1648 1060 1705 ortu
1091 1665 1146 1707 suo

134 1735 239 1792 cuneta
267 1734 437 1812 gignuntur,
466 1734 624 1810 accipiunt.
663 1734 770 1810 aliquis
793 1734 864 1812 regi
890 1735 1019 1794 numinis
1047 1753 1147 1796 errore

132 1822 306 1896 perstrictus
335 1826 392 1898 est,
419 1823 513 1883 vitam
542 1823 683 1901 transigit
709 1823 762 1882 ille
791 1822 979 1883 discursibus.
1024 1824 1147 1899 placida

134 1913 308 1986 conceptum
326 1912 414 1971 stella
432 1913 572 1990 signavit,
591 1913 648 1971 erit
665 1912 800 1972 modesta
817 1912 941 1971 lenitate
960 1912 1145 1989 conspicuus.

133 1997 239 2058 ardens
258 2000 404 2060 nascentis
422 2001 526 2060 horem
545 2001 625 2060 sidus
644 2001 787 2076 accendit,
809 2000 923 2060 viribus
945 2001 1060 2076 pariter
1082 2021 1145 2061 mo·
1159 2021 1185 2063 ro

127 2087 273 2163 ribusqne
304 2089 450 2167 flagrabit.
497 2091 621 2168 languet
651 2090 739 2149 inber
770 2089 918 2168 vergentis
950 2089 981 2148 in
1012 2091 1146 2166 proclive

132 2177 245 2252 mnndi,
268 2178 491 2238 hebescentibus
515 2178 629 2238 tardior
651 2179 789 2238 membris
812 2178 918 2238 similis
940 2181 1079 2239 senectae
1100 2179 1146 2238 in·

132 2268 221 2325 venta
248 2267 397 2344 pigrescit.
443 2267 504 2326 iem
531 2267 557 2326 si
584 2267 632 2326 cui
658 2267 869 2344 principalium
896 2267 1017 2326 deorum
1044 2268 1147 2348 fulgor

132 2354 281 2430 inluxerit,
304 2357 336 2414 in
353 2357 458 2432 populi
477 2359 633 2434 consurget
654 2355 820 2432 imperium.
859 2355 944 2416 credo
962 2357 1145 2417 mehercules

131 2443 163 2501 in
190 2445 277 2502 illum
304 2445 435 2504 natalem
466 2446 592 2504 monstri
618 2445 678 2504 mei
706 2445 784 2504 diem
815 2446 961 2505 iratorum
987 2445 1145 2506 numinum
1158 2465 1183 2507 ss

132 2534 315 2608 conspirasse
343 2533 517 2593 violentiam
545 2533 702 2609 sedemque
733 2533 898 2611 prodigiosi
924 2535 1048 2610 spiritus
1077 2555 1145 2596 con·

131 2622 193 2679 lato
225 2623 339 2696 pariter
369 2623 438 2699 igne
473 2623 622 2697 pressisse.
669 2621 701 2681 si
728 2642 831 2682 verum
858 2626 903 2682 est
928 2624 998 2699 post
1023 2627 1146 2684 vetusta

132 2710 250 2768 saecula
273 2712 303 2769 et
325 2710 554 2770 innumerabiles
578 2730 670 2770 annos
692 2712 777 2770 reddi
798 2729 900 2770 rursus
923 2712 990 2770 aliis
1014 2714 1145 2789 corpori-

130 2798 185 2857 bus
214 2799 342 2873 animas‚
371 2800 506 2858 fortassis
533 2800 565 2857 in
592 2819 639 2858 me
666 2801 787 2859 renatus
815 2803 856 2860 sit
882 2800 991 2876 aliquis
1019 2820 1056 2861 ex
1083 2803 1145 2862 illis

202 2984 507 3042 3faciet:faceret11
578 2986 914 3054 testem.c1‚odd.m
985 2992 1075 3043 9nec
1092 3006 1143 3044 om.

130 3066 167 3123 M,
185 3074 259 3126 supr.
275 3079 307 3110 m
371 3058 496 3113 nferre
519 3067 540 3110 V
600 3063 633 3112 13
653 3063 716 3113 acte
735 3075 820 3127 quem
839 3074 929 3113 errare
947 3059 1014 3113 add.
1028 3059 1090 3116 so.

130 3144 227 3195 qnam:
247 3145 302 3196 qno
317 3140 344 3183 P
398 3134 431 3183 14
450 3129 597 3184 antestites
610 3139 639 3183 B
652 3131 729 3199 (corr.
745 3133 772 3199 o)
791 3139 820 3183 V:
840 3130 958 3184 antistes
972 3139 1005 3197 P,
1024 3130 1049 3184 ti
1066 3148 1143 3201 supr.

127 3220 161 3264 ¹³3
184 3199 326 3252 antitistes
344 3202 445 3270 reliqui
534 3205 567 3255 1s
585 3200 759 3271 transigets
848 3205 881 3255 19
901 3199 1024 3272 11311Ξῶ
1042 3210 1076 3256 1

130 3309 163 3357 eo
182 3287 309 3360 necess
327 3314 361 3359 n
436 3311 469 3359 21
488 3305 607 3376 ungues
625 3306 707 3360 ruber
725 3309 777 3362 rr:
799 3307 935 3378 languido
954 3308 1013 3363 scm
1030 3317 1142 3377 nrm

128 3374 258 3445 languidi
284 3378 313 3431 ct
336 3375 394 3430 iem
418 3385 452 3430 Μ
475 3376 542 3444 (iam
567 3394 600 3432 ec
629 3394 697 3433 corr.
717 3382 757 3447 Μ)
779 3399 808 3446 γς
836 3379 897 3450 igni
921 3379 1058 3450 languido
1085 3380 1142 3435 iam

129 3448 207 3501 Dess.
274 3463 322 3500 vor
342 3447 427 3501 entis:
446 3447 458 3500 i
475 3451 507 3503 io
524 3466 579 3504 ros.
595 3458 627 3502 Μ
696 3455 729 3502 23
748 3448 888 3519 pigrcsoct
908 3450 969 3508 our.
1043 3456 1078 3506 21
1096 3467 1142 3506 ro-

128 3519 219 3571 tustos
237 3527 275 3585 M,
294 3465 342 3573 ved
357 3520 469 3573 vetusta
486 3521 518 3574 irc
536 3537 621 3592 marg.
636 3540 668 3572 m
740 3525 773 3574 29
792 3521 830 3575 sit
848 3534 929 3587 orus
