2408 3840
308 169 613 225 DECLAMATIONES
631 168 803 224 xv-xvn.
994 171 1060 234 385

45 337 142 399 felix?
184 357 236 397 our
253 339 401 398 redditam
419 339 506 398 modo
526 341 685 399 sanitatem
698 341 796 415 rigore
814 340 923 398 nimiae
942 341 1061 400 eonten-

45 430 142 488 tionis
165 425 341 503 exasperas?
380 427 533 502 praedico,
555 429 663 502 testor,
686 429 833 487 consumis
857 428 966 502 odium,
988 447 1061 487 non·

47 518 122 576 dum
144 518 241 576 totam
263 519 393 575 mentem
417 519 463 576 vis
485 517 606 592 perfusa
627 517 766 592 possedit.
813 517 908 576 adhuc
931 518 1009 576 circa
1032 521 1061 575 te

43 607 108 666 duo
132 608 255 665 maximi
277 608 412 664 rixentur
434 606 563 666 affectus.
609 606 720 665 adiuva
741 607 854 680 potius,
878 606 989 665 adiuva
1009 625 1062 681 pe-

19 697 172 770 ctionem
194 695 287 753 donec
309 696 422 755 sanitas
443 697 542 754 totum
564 697 713 770 conponat
737 695 894 753 hominem.
940 698 1061 754 sanatus

48 804 94 858 es,
125 784 233 860 quodsi
262 787 366 843 contra
395 785 553 844 sanitatem
586 785 633 843 vis
666 784 782 842 luctari.
828 786 974 859 imprecor
1005 784 1062 842 tibi

47 874 183 933 universi
200 891 346 932 summam
365 874 438 931 mali
456 892 546 948 quam
565 872 691 948 quaeris.
736 892 850 948 pauper
868 875 909 932 sis
928 875 958 932 et
982 891 1061 931 ames

45 981 266 1039 quamcumque
288 963 472 1021 meretricem
495 965 525 1021 et
549 980 648 1021 amare
671 981 730 1020 non
753 962 878 1021 desinas.

515 1157 593 1216 XVI.

10 1303 31 1343 lo
117 1283 257 1341 lete'mn:
279 1282 386 1357 videte,
408 1281 533 1355 iudices,
556 1282 783 1358 perplexitatem
805 1280 942 1340 miseriae
964 1300 1060 1340 meae:

45 1389 167 1430 necesse
189 1373 235 1430 est
260 1373 313 1430 aut
338 1372 467 1430 amicum
492 1371 658 1446 relinquere
679 1373 733 1429 aut
749 1373 885 1430 matrem.
930 1368 1062 1430 succurri

45 1480 109 1519 non
131 1461 230 1535 potest
253 1459 379 1534 duobus,
408 1461 532 1535 paratus
561 1462 662 1518 tamen
689 1478 756 1519 sum
784 1459 897 1519 duobus
920 1460 1061 1534 impendi.

45 1549 165 1610 excedit
187 1567 304 1608 omnem
326 1553 373 1610 etc.
398 1540 539 1629 (paen
560 1540 624 1628 10).

110 1657 144 1712 p.
158 1640 233 1706 293,
250 1641 291 1695 14
305 1657 359 1713 pro
373 1639 545 1697 visitatione
558 1639 663 1696 matris
679 1656 762 1696 meae
777 1637 923 1715 obligavit
936 1655 966 1696 se
979 1638 1062 1696 iuve-

10 1749 32 1789 re
46 1729 97 1787 nis
117 1728 237 1786 amicus.
274 1726 413 1802 deeeptus
432 1745 471 1801 es,
490 1745 507 1785 ο
525 1726 628 1801 amice,
647 1728 699 1801 qui
717 1746 764 1785 me
783 1727 910 1785 alterum
928 1729 957 1785 te
976 1746 1062 1802 repu-

43 1817 149 1890 tabas,
178 1834 245 1874 oum
268 1833 360 1875 essem
388 1834 442 1893 ego
464 1815 588 1874 inferior
610 1816 690 1890 quod
711 1816 819 1890 probat
841 1834 980 1874 recessus.
1027 1835 1061 1873 ex

44 1904 163 1964 duobus
192 1907 272 1963 enim
300 1905 395 1982 magis
425 1907 544 1963 amatur
573 1923 661 1980 quem
689 1906 834 1980 tyrannm
863 1907 987 1979 paratus
1017 1908 1062 1963 est

44 1994 182 2070 alligare.
229 1995 373 2069 aprimis
396 1994 544 2052 aetatibus
571 1995 604 2050 in
627 1994 750 2052 eandem
780 1995 943 2051 coieramus
966 1994 1061 2052 vitam

43 2086 194 2158 tanquam
215 2100 265 2140 cor
287 2103 380 2141 unum
398 2084 429 2141 et
450 2085 550 2140 anima
568 2101 637 2156 una,
661 2101 775 2156 semper
795 2081 943 2140 individui
965 2081 1061 2140 fuera·

10 2192 31 2235 n
45 2190 125 2231 mus.
167 2173 311 2247 quantum
333 2171 399 2245 tibi,
422 2172 524 2247 amice,
548 2171 660 2229 debeo.
677 2216 682 2227 .
699 2217 705 2229 .

110 2279 144 2334 p.
162 2262 238 2329 297,
258 2264 276 2318 1
300 2279 377 2319 nunc
397 2260 480 2318 adest
497 2265 615 2336 tempus
632 2263 755 2335 propter
773 2258 852 2334 quod
871 2261 1060 2318 convenimus

44 2352 80 2408 in
103 2349 276 2424 amicitiam,
300 2369 368 2408 oum
390 2350 512 2408 advenit
535 2348 707 2409 adversitas.

110 2457 143 2512 p.
162 2439 238 2508 298,
255 2440 298 2498 21
323 2458 340 2497 o
363 2442 475 2514 quanto
504 2438 612 2496 affectu
640 2441 670 2496 et
692 2456 759 2495 cum
781 2438 912 2495 lacrimis
943 2438 1061 2514 rogavit

45 2530 210 2605 tyrannum
234 2527 358 2602 amicus,
381 2531 416 2585 ut
438 2546 485 2586 me
507 2528 641 2586 mitteret
664 2526 702 2584 ad
724 2531 850 2584 matrem
873 2526 990 2601 etipse
1014 2526 1060 2584 die

10 2634 35 2676 ss
47 2617 210 2695 assignato,
232 2617 291 2676 nisi
309 2616 444 2690 redirem,
466 2617 587 2691 pararet
603 2616 739 2694 iugulum
758 2617 789 2674 et
806 2616 926 2673 interim
944 2617 976 2673 in
994 2617 1060 2673 arto

48 2723 164 2765 carcere
181 2705 359 2764 truderetur.
396 2724 414 2763 o
433 2723 524 2780 quare
542 2702 632 2763 veni?
667 2707 761 2763 testor
779 2709 828 2763 etc.
847 2696 979 2786 (paee,
996 2694 1059 2783 12).

109 2813 143 2868 p.
162 2796 237 2863 299,
255 2797 299 2853 20
317 2794 476 2852 mirabitur
494 2795 598 2852 catena
615 2794 737 2869 tyranni
756 2812 832 2868 quae
852 2794 932 2851 ultra
950 2795 1059 2852 mortes

48 2886 78 2942 et
101 2884 197 2942 maria
219 2902 250 2943 se
273 2883 412 2942 extendit.

508 3077 602 3135 XVII.

10 3218 37 3259 eo
109 3222 142 3276 p.
163 3206 277 3277 304,9
304 3221 428 3279 cumque
457 3204 489 3260 in
521 3201 624 3262 abdita
654 3204 739 3278 parte
774 3202 879 3261 domus
907 3203 1060 3276 potionem

47 3294 153 3351 mortis
175 3311 319 3368 pararem,
343 3294 447 3351 anxius
471 3292 567 3351 adhuc
590 3291 705 3350 animus
729 3293 867 3367 exparte
890 3309 949 3348 una
971 3290 1059 3348 liber-

48 3381 142 3440 tatem
165 3399 250 3440 suam
273 3384 378 3455 optans
404 3381 436 3439 in
462 3380 546 3441 brevi
568 3381 722 3457 futuram,
748 3401 788 3440 en
808 3381 876 3440 alia
893 3382 990 3453 parte
1013 3392 1087 3429 eon-

100 3549 132 3595 31
152 3545 249 3599 mmo
265 3555 303 3601 ΔΙ
337 3598 339 3603 .
360 3576 362 3581 v

69 3637 233 3685 ommuni
244 3655 468 3700 asenna-arrosus
485 3660 524 3702 ed.
542 3661 704 3706 neuneu.
933 3636 980 3686 ν’)
