2408 3840
107 145 173 209 226
424 143 678 200 OADAVERIBVS
697 143 803 199 PASTI

108 313 214 373 incidit
237 315 290 371 aut
312 314 403 372 facies
427 316 480 371 aut
503 313 619 388 aliquid
638 313 765 388 denique
784 311 863 388 quod
882 313 1035 372 hominem
1059 332 1129 389 pro·

109 403 174 478 pria
197 406 269 460 nota
293 403 400 481 signat.
446 421 524 461 nuno
547 402 606 460 oibi
629 407 804 462 succurrunt
827 419 901 477 quos
928 402 1074 479 inponere
1096 405 1129 461 in

108 509 241 550 mensam
264 511 324 550 non
347 511 435 551 ausus
458 510 532 550 sum.
569 490 768 551 confitendum
792 494 838 550 est
855 493 948 550 enim:
971 491 1128 551 devoravi-

107 599 172 640 mus
195 581 329 640 homines
353 583 383 639 et
407 580 525 655 quidem
545 579 631 638 avido
655 581 707 663 qui
730 579 782 639 diu
804 580 881 638 nihil
904 579 1075 656 ederamus3
1098 584 1129 640 et

108 673 208 728 tamen
237 670 366 745 coepisse
395 668 606 728 difficillimum
634 669 701 727 fuit.
746 672 907 745 postquam
933 671 982 729 ius
1010 669 1128 729 factum
1155 690 1167 731 e

109 763 162 832 est,
180 762 341 835 postquam
358 777 445 817 nemo
460 759 525 816 erat
542 758 711 817 incivitate
730 777 819 833 quem
837 757 973 818 confiteri
989 758 1128 834 puderet,

108 852 173 906 tum
195 867 266 907 vero
289 849 350 907 iam
373 848 404 904 in
427 851 580 923 posterum
607 848 805 925 prospicimus
829 850 859 906 et
883 846 989 907 funera
1011 847 1128 907 horreis

109 937 270 996 condimus.
323 939 403 995 retro
441 938 570 1013 aguntur
602 937 756 1012 exequiae,
793 939 846 995 aut
883 937 962 995 circa
998 939 1052 995 aut
1089 937 1129 995 ad

108 1045 195 1103 rogos
218 1044 319 1102 pugna
343 1028 395 1085 est.
442 1025 525 1083 heres
550 1025 676 1084 cadaver
698 1027 800 1084 cernit.
844 1043 954 1085 novum
978 1028 1009 1084 et
1031 1026 1127 1086 inore·

109 1115 207 1191 dibile,
227 1115 284 1173 nisi
303 1131 464 1187 nossemus
481 1116 647 1172 monstrum
665 1114 837 1173 habuimus:
855 1114 918 1173 sine
933 1115 1015 1191 rogis
1034 1116 1128 1191 pesti·
1141 1136 1166 1177 ro

108 1205 232 1262 lentiam
269 1204 380 1262 mortui
413 1204 492 1262 ratio
526 1221 585 1261 non
620 1203 763 1263 constitit.
807 1203 921 1278 perisse
954 1205 1034 1263 cives
1064 1206 1126 1264 scio

56 1293 94 1348 10
109 1296 241 1366 tantum,
266 1295 338 1367 quia
364 1293 444 1350 inter
466 1293 600 1351 viventes
625 1310 686 1350 non
708 1291 802 1352 video.
849 1293 933 1370 aegri
955 1292 1126 1352 adsidentes

108 1382 255 1439 timebant
292 1385 322 1439 et
358 1381 507 1440 labentem
546 1383 677 1439 animam
714 1382 859 1458 supremis
895 1381 1128 1442 domesticorum

110 1470 217 1529 osculis
241 1469 430 1529 reducebant.
466 1471 563 1545 primo
586 1473 687 1528 tamem
708 1471 785 1528 nihil
803 1470 951 1548 rogabant
974 1489 1044 1530 suos
1067 1472 1127 1530 nisi

109 1563 205 1617 totam
228 1559 419 1635 sepulturam.
456 1563 491 1617 ut
513 1561 609 1617 maior
631 1577 737 1636 urgere
759 1560 921 1619 necessitas
945 1560 1127 1634 patientiam
1140 1580 1165 1622 rs

109 1649 221 1722 coepit,
252 1647 427 1706 beneficium
459 1648 573 1706 factum
604 1651 649 1707 est
681 1650 850 1724 expectare,
885 1647 958 1706 dum
988 1650 1125 1708 moritur.

108 1756 194 1795 nemo
218 1736 290 1794 adeo
315 1736 420 1796 adfinis
443 1737 511 1810 fuit,
533 1756 620 1795 nemo
643 1740 707 1795 tam
726 1739 901 1797 coniunctus
921 1756 1009 1813 quem
1026 1739 1126 1814 pietas

109 1825 279 1885 abstineret.
325 1828 441 1884 nostros
465 1825 658 1899 comedimus,
685 1828 810 1885 nostros.
856 1845 939 1901 nam,
962 1827 990 1886 si
1011 1827 1126 1886 alienos

108 1916 259 1988 vellemus,
282 1933 368 1973 nemo
393 1915 530 1990 audebat,
553 1908 681 1993 <nemo>
704 1914 835 1974 cedebat.

175 2004 260 2062 Nihil
283 2006 328 2062 est
355 2007 455 2061 tamen
478 2003 557 2079 quod
579 2004 732 2081 indignari
753 2004 867 2064 uelitis:
894 2005 1017 2064 narravi
1039 2005 1125 2064 vobis
1138 2025 1163 2066 ao

108 2096 224 2152 lucrum
247 2096 386 2152 vestium.
433 2093 616 2151 frumentum
643 2093 734 2169 duplo
759 2092 960 2168 vendidimus,
989 2097 1019 2152 et
1043 2094 1125 2154 calli-

109 2184 247 2243 dissimus
283 2182 400 2260 legatus
433 2181 549 2239 vicinae
582 2183 699 2240 civitati
734 2183 875 2257 inposuit
921 2182 1010 2258 plena
1047 2203 1126 2243 nunc

108 2274 223 2346 horrea,
246 2273 340 2329 bonae
358 2271 498 2346 rationes,
522 2275 645 2330 onustae
668 2289 758 2330 navos
781 2275 860 2346 sunt,
883 2273 923 2346 et,
946 2290 1004 2346 quo
1027 2274 1126 2350 magis

109 2361 290 2439 gaudeamus
314 2362 398 2418 tanto
422 2361 508 2433 bono,
531 2362 620 2435 pauci
642 2377 751 2418 sumus.
792 2379 862 2418 nam
886 2360 965 2435 quod
989 2360 1027 2419 ad
1051 2365 1125 2421 tem·

109 2452 190 2525 poris
210 2451 429 2508 excusationem
448 2449 587 2525 pertinet,
605 2449 682 2508 nihil
700 2453 754 2523 est,
773 2451 886 2525 opinor,
902 2449 981 2525 quod
999 2454 1124 2510 aestuet.
1138 2468 1162 2510 rs

109 2540 140 2595 in
164 2538 313 2597 desertum
335 2557 395 2596 non
413 2537 519 2596 incidit
541 2538 694 2613 populum,
715 2557 770 2596 neo
789 2557 859 2597 sane
877 2538 946 2611 luit,
969 2556 1023 2597 cur
1041 2539 1125 2600 festi-

109 2629 208 2703 naret,
237 2628 328 2685 etiam
356 2645 434 2686 nunc
459 2629 613 2702 expectare
640 2630 821 2703 poteramus.
866 2627 930 2686 sola
952 2630 999 2687 est
1020 2632 1127 2688 nostra

110 2717 215 2775 civitas
240 2735 316 2791 quae
339 2716 418 2774 fame
441 2718 538 2791 perire
561 2735 621 2774 non
646 2718 748 2791 possit.
796 2716 1054 2775 dissimulaturum
1078 2737 1125 2776 me

108 2806 222 2881 putatis
255 2804 341 2864 istius
373 2803 561 2880 patrocinia?
611 2805 765 2873 confiteor,
797 2805 881 2865 uenit
913 2805 952 2863 ad
983 2805 1125 2865 ultimum

109 2896 195 2969 diem,
211 2894 321 2953 adtulit
339 2893 529 2970 frumentum,
549 2895 733 2972 gratulemur
747 2893 826 2970 quod
844 2893 906 2953 iam
919 2894 1004 2953 nulla
1018 2894 1126 2955 civitas
1140 2915 1166 2957 eo

109 2985 187 3042 fame
211 2983 335 3042 laborat.

181 3134 347 3204 adeeiguat
361 3143 393 3187 111
444 3135 577 3204 murga
625 3137 690 3188 tet
703 3136 883 3205 postquame
933 3134 1127 3205 iinsuprs

110 3206 216 3259 Scitra
236 3219 271 3270 oo
318 3204 419 3259 autad
437 3215 524 3260 cccv
575 3211 606 3260 11
627 3207 758 3260 mortium
777 3220 805 3274 βς
823 3205 907 3260 morti
926 3207 975 3263 Gr.
1027 3212 1062 3260 14
1081 3223 1125 3261 os·

109 3277 180 3330 culis
198 3278 271 3332 Sub:
291 3277 379 3331 oculis
398 3298 420 3329 ω
476 3283 509 3330 15
527 3279 560 3331 ut
578 3280 677 3348 gerent
694 3288 736 3344 Βς
754 3279 867 3348 urgeret
884 3287 906 3329 V
954 3277 1125 3346 patientiam

109 3351 218 3418 scripsi:
237 3350 401 3417 putaremus
414 3357 475 3415 BV,
494 3366 544 3404 om.
560 3359 626 3413 ineo
679 3354 711 3403 17
728 3350 893 3404 coniunctus
908 3367 947 3404 co
961 3349 1125 3404 convinctus

109 3420 149 3472 fer
218 3426 250 3472 19
274 3436 356 3473 nemo
375 3421 491 3474 alterum
509 3438 559 3475 om.
575 3443 610 3487 ως
630 3422 726 3475 adds
797 3427 830 3476 21
849 3419 998 3476 vendimus
1017 3430 1057 3485 μ

108 3509 293 3581 oahioilimus
311 3535 340 3581 B
411 3533 444 3580 23
463 3526 600 3581 honustae
619 3537 646 3580 B
716 3534 750 3582 25
770 3528 881 3598 opinor:
902 3527 1017 3584 omnino
1035 3538 1058 3582 1·
