2408 3840
133 141 175 205 34
469 138 604 195 GAEGVS
622 139 662 193 IN
680 137 808 195 LIMINE

133 309 286 368 sufficiunt
312 308 428 367 fucinus
454 308 571 367 facturo
598 308 678 367 solue
706 308 917 384 cogitetioneu
944 309 975 366 et
1001 307 1053 367 vix
1081 311 1147 369 tom

133 398 229 456 multa
251 397 363 473 puriter
386 397 500 455 sciretis
523 397 611 456 oculi.
655 417 708 473 per
730 396 833 471 fidem,
858 395 984 472 iudices,
1011 397 1049 456 sb
1074 399 1147 457 utro

134 485 301 545 credibilius
321 488 366 544 est
384 487 512 546 occisum
532 504 644 546 senem:
663 505 680 544 u
698 503 824 545 noverca
843 503 921 561 quoe
933 486 1097 562 prospexit,
1110 487 1145 545 ut

134 578 164 634 et
187 575 264 634 alius
286 574 381 652 possit
404 592 466 634 esse
490 577 658 650 suspectus,
683 595 722 634 an
744 593 762 632 o
785 575 893 634 iuvene
915 574 1001 635 cuius
1027 574 1145 635 invidis

132 665 281 741 periturus
305 666 358 738 est,
381 665 471 723 etium
494 665 637 723 utillum
659 665 737 723 elius
760 661 898 723 occidat?
1167 681 1180 723 1

199 753 360 812 Intuemini
381 771 435 829 per
456 753 559 827 fidem,
580 753 701 828 iudices
724 753 931 828 procedentem
952 751 1146 828 parricidam.

134 861 206 918 quos
238 861 299 901 non
333 844 393 901 iste
423 841 553 920 vestigio
588 843 730 920 frangunt
765 843 964 918 rumpantque
1001 838 1144 901 somnos?

133 932 262 1008 vestigio
279 932 367 1008 plura
385 949 500 1007 semper
518 931 682 990 errantium
700 948 776 1006 quoe
795 950 855 991 non
873 931 975 990 volent
993 930 1145 1006 suspensis

133 1021 420 1097 praetemptatisque
452 1020 600 1097 gressibus
632 1020 741 1079 librare
773 1038 894 1095 cespius,
925 1021 956 1078 et
987 1018 1059 1095 quia
1092 1019 1145 1079 diu

133 1113 203 1169 sunt
224 1110 351 1183 incerta,
373 1110 513 1169 nutantia
535 1127 652 1168 necesse
675 1111 720 1169 est
742 1110 864 1186 gravius
885 1111 1025 1185 prement
1047 1109 1144 1168 solum
1157 1127 1180 1169 11

134 1198 181 1257 cui
205 1197 399 1257 crediderunt.
446 1201 556 1274 quanto
581 1218 617 1256 ex
637 1199 694 1256 hoc
715 1198 783 1273 plus
807 1197 935 1273 occipiat
957 1215 1076 1257 necesse
1100 1199 1144 1256 est

132 1288 187 1344 illu
219 1288 356 1346 noctiuni
388 1287 500 1346 silentii
533 1287 617 1362 quies
650 1287 729 1362 quod
761 1286 941 1346 ombidnntis
977 1285 1058 1345 caeci
1090 1303 1144 1351 nec

133 1394 238 1434 manus
262 1378 378 1434 cessant
399 1378 634 1452 praemittuntur
656 1375 813 1451 explorent
834 1377 865 1434 et
890 1375 991 1435 adesse
1015 1393 1045 1434 se
1069 1394 1144 1435 nun·

132 1463 231 1523 tiant?
252 1465 315 1538 iila,
332 1484 385 1541 per
404 1484 480 1540 quoe
498 1465 667 1540 complexus
685 1464 818 1539 veniunt,
836 1461 961 1541 (nescit,
973 1459 1063 1540 cnm>
1082 1483 1142 1524 non

133 1555 194 1610 sint
211 1553 243 1611 in
260 1555 408 1629 potestate
427 1554 514 1627 caeci,
533 1573 592 1629 que
610 1555 674 1612 toto
693 1572 724 1612 se
742 1553 875 1613 fetentur
892 1553 1028 1629 strepitu.
1062 1553 1143 1628 quic·
1156 1570 1178 1613 11

134 1642 205 1716 quid
229 1643 368 1716 occmrit,
390 1661 579 1718 nequequam
601 1644 700 1718 potest
723 1642 834 1701 evitare
858 1643 998 1715 coecitas,
1022 1641 1143 1701 1116161-

134 1732 225 1789 tensa.
261 1733 297 1790 ut
320 1730 480 1806 ambulare,
502 1734 537 1790 ut
558 1731 675 1808 ingredi
692 1733 779 1791 nocte
800 1731 956 1809 possimus
980 1731 1043 1790 dies
1061 1731 1143 1791 fouit

81 1819 117 1874 11
200 1818 296 1888 Quom
323 1820 419 1879 multu
446 1820 550 1879 deinde
579 1822 749 1896 supersunt,
777 1822 938 1896 postquam
961 1813 999 1878 ed
1026 1823 1144 1896 patrem

132 1912 308 1983 perventum
331 1907 396 1968 est?
441 1909 610 1983 exploretur
632 1927 750 1970 necesse
779 1913 824 1969 est
845 1909 959 1985 pariter
980 1910 1143 1969 iacentium

132 1998 230 2072 prime
252 1997 418 2072 diversitas
440 1999 551 2071 vultus,
574 2016 627 2057 oro
648 2000 823 2074 tractentur,
846 1999 1041 2057 detrahuntur
1063 1999 1144 2058 vels-
1156 2017 1180 2059 sc

134 2088 234 2144 menta
258 2086 438 2162 corporibus,
462 2089 621 2161 quaeratur
642 2087 760 2145 vulneri
781 2087 871 2146 locus.
907 2089 952 2146 ite
975 2106 1010 2146 ex
1029 2087 1144 2147 duobus

133 2176 272 2233 neutrum
299 2173 428 2234 excitet?
473 2176 593 2252 gravior
619 2194 735 2250 semper
762 2176 899 2235 dexterae
925 2178 1074 2236 tractemus
1101 2196 1145 2236 er·

133 2266 237 2324 rantis.
274 2264 421 2341 paulatim
439 2264 543 2323 deinde
563 2265 764 2324 admovendus
783 2268 828 2325 est
846 2265 960 2341 pectori
977 2284 1094 2340 mucro,
1115 2269 1145 2325 et

133 2373 169 2412 ne
193 2373 254 2429 qus
276 2354 475 2413 confundatur
501 2353 672 2431 ignorantia
695 2355 821 2412 nimium
843 2353 919 2413 liber
940 2356 1031 2428 ictus,
1059 2375 1144 2431 prue-

134 2444 219 2502 cedet
238 2446 356 2518 oportet
375 2443 509 2520 gladium
526 2461 639 2501 manus.
677 2443 755 2501 unde
777 2445 897 2502 tantum
914 2444 1024 2503 virium
1046 2462 1144 2518 coeco,
1156 2460 1181 2503 11

133 2536 167 2590 ut
194 2534 226 2590 in
254 2552 313 2591 uno
341 2533 443 2591 statim
472 2533 534 2590 ictu
561 2549 640 2591 mors
672 2534 737 2591 tote
769 2530 950 2610 peragatur?
995 2533 1145 2593 incertum

206 2795 219 2841 1
239 2789 285 2842 vix
304 2806 336 2843 ex
354 2788 402 2842 iux
419 2797 479 2841 ΒΜ
495 2793 571 2858 (corr.
586 2811 618 2841 m
636 2795 668 2843 ut
685 2790 801 2859 uidetur)
856 2796 871 2842 2
890 2791 953 2844 utro
972 2807 1005 2844 ec
1023 2793 1145 2860 utroque

132 2869 157 2911 J
208 2863 375 2923 3n=outs
438 2862 610 2915 4u2outs
672 2860 953 2916 iuvidia:invidc1’
1011 2862 1144 2931 8plurc:

134 2948 272 3001 dureBu.
328 2964 412 3016 quoe:
433 2949 508 3016 quod
526 2971 558 3001 m
629 2932 731 3003 equis
750 2953 779 3019 (q
797 2967 871 3019 supr.
887 2953 914 3020 11)
932 2959 960 3003 Β
1033 2957 1146 3006 11616-

134 3019 265 3072 diderunt
288 3040 317 3073 a:
341 3020 397 3072 -int
420 3033 471 3084 syo
547 3036 580 3074 ex
602 3019 655 3074 hoc
678 3023 784 3088 qnonto
808 3031 866 3075 Μ·
911 3020 965 3075 hoo
987 3020 1065 3090 plus:
1090 3023 1146 3077 hoc

133 3090 232 3144 turbae
254 3090 318 3159 plus
343 3104 370 3156 ες
396 3092 449 3145 hoc
473 3091 605 3160 strepitus
627 3092 691 3161 plus
714 3093 871 3147 dubitanter
889 3094 928 3148 H.
1007 3093 1144 3164 accipiet:

133 3161 238 3230 ccipiat
255 3172 276 3214 V
362 3168 394 3215 13
414 3163 643 3230 praemittuntur:
662 3164 849 3231 praemittunt
865 3173 918 3217 BV
1004 3170 1038 3218 14
1056 3181 1144 3233 quae:

134 3246 256 3300 quoms
344 3233 435 3287 nescit
458 3251 520 3287 cum
543 3233 607 3288 add.
626 3235 705 3289 Deos.
720 3252 750 3304 p.
766 3240 804 3289 86
894 3239 927 3288 15
950 3235 1000 3289 sit:
1027 3236 1059 3289 fit
1082 3257 1146 3303 m

134 3306 237 3356 sunts
326 3310 359 3357 22
383 3306 525 3358 neutrum:
551 3320 586 3356 ne
609 3306 703 3359 utrum
721 3314 759 3372 133
785 3306 925 3361 neminem
946 3316 980 3374 νς
1003 3307 1038 3374 cf.
1057 3328 1092 3360 n
1113 3308 1146 3361 111

133 3392 231 3444 inum:
255 3376 299 3428 vel
322 3378 452 3430 neutrum
475 3375 548 3428 sicut
571 3377 625 3430 due
648 3378 743 3446 portes
815 3384 849 3431 23
873 3378 1076 3433 admovendus:
1100 3377 1146 3432 vel

133 3447 284 3499 movendus
299 3456 331 3499 Μ
389 3452 422 3500 24
442 3446 641 3501 confundatur:
661 3447 728 3501 conf
752 3449 806 3501 do?
821 3450 933 3518 (1111111111
947 3449 1066 3505 drumm
1080 3450 1146 3519 litt.)

129 3526 171 3581 B;
191 3519 223 3570 in
241 3535 325 3588 marg.
345 3535 364 3570 u
383 3529 415 3584 ὸς
435 3517 641 3572 confundentur
659 3521 688 3588 (n
706 3536 765 3588 erp.
781 3523 813 3589 J)
828 3533 849 3572 «r
