2408 3840
146 160 213 223 234
461 156 716 213 GADAVERIBVS
734 155 842 245 Pessi

146 329 219 386 litur
246 330 276 386 et
304 326 467 386 accedendo
495 327 613 403 crescit3
639 329 743 387 nostra
771 327 830 399 est,
857 343 926 385 suos
949 323 983 382 in
1005 327 1160 400 utramque

144 419 261 493 partem
284 419 388 476 ventos
410 415 530 490 habuit,
553 417 662 476 nostiis
685 417 765 475 votis
788 412 949 492 gubernati
970 413 1063 473 flatus
1088 414 1159 473 sunt.

144 507 217 565 haee
244 506 383 580 dicimus,
411 507 444 563 at
470 505 524 563 illa
551 506 673 564 interim
699 504 876 564 transvolat.
921 500 1009 562 fletus
1037 502 1109 561 inde
1133 504 1160 561 et

146 595 312 671 desperatio
336 597 366 653 et
393 595 468 653 lucis
492 593 602 653 odium.
648 594 725 653 nihil
748 594 828 652 enim
852 593 975 670 gravius
998 610 1093 667 quam
1114 591 1158 650 de·

145 685 270 742 stitutae
293 702 359 759 spes
387 684 535 758 torquent.
582 703 618 741 ne
641 685 827 761 interrogare
850 680 972 756 quidem
998 681 1089 740 licuit
1109 682 1188 740 ants

146 791 299 848 quaerere,
326 791 413 831 nemo
441 772 622 848 applicabat.
667 790 737 850 ergo
765 771 873 830 incerti
899 771 1036 829 omnium
1064 788 1159 829 rerum

143 861 348 940 pependimus,
373 861 449 919 nihil
473 861 631 937 quisquam
654 860 802 939 cognovit.
848 859 956 920 saltem
978 861 1005 918 si
1028 859 1104 918 scire
1126 859 1159 917 li·

144 953 266 1025 cuisset,
289 951 342 1009 ubi
363 950 546 1009 frumentum
569 950 764 1025 vendidisses,
786 949 847 1025 ipsi
868 949 1056 1024 petissemus.
1101 948 1159 1007 iam

144 1038 291 1115 quomodo
306 1039 345 1098 ad
359 1040 477 1117 singula
490 1042 641 1099 momenta
655 1043 825 1115 temporum
838 1036 1036 1097 mutabantur
1049 1034 1158 1097 animi?

144 1130 218 1187 bene
241 1131 295 1203 est,
318 1146 438 1188 serenus
461 1128 506 1188 sol
529 1128 650 1202 occidit,
672 1146 765 1204 purus
788 1146 819 1187 se
842 1127 905 1187 dies
927 1126 1021 1201 tollit,
1047 1126 1087 1185 ad
1107 1142 1188 1185 rosa

92 1215 129 1271 18
143 1219 227 1277 venti
248 1218 361 1291 ferunt,
388 1217 449 1276 iam
471 1219 579 1276 veniet.
625 1217 735 1293 pendet
757 1217 879 1275 interim
901 1216 1010 1290 fames,
1034 1217 1065 1274 et
1087 1213 1159 1274 iliud

144 1305 223 1382 quod
245 1308 307 1365 iam
326 1307 378 1365 diu
401 1306 523 1383 cogitat,
546 1305 654 1380 differt,
677 1306 722 1366 ita
744 1308 854 1380 tamen,
879 1307 915 1364 ut
937 1303 1066 1364 subinde
1083 1320 1157 1364 com·

142 1398 229 1472 putet
252 1398 325 1471 quot
349 1395 410 1453 dies
429 1395 468 1453 ad
490 1397 617 1454 mortem
636 1393 795 1472 supersint.
832 1412 903 1453 nam
921 1389 1157 1469 quid‘profecit?

143 1485 329 1560 meministis
344 1503 411 1542 oum
429 1485 571 1543 contrarii
585 1486 668 1544 venti
685 1484 758 1543 flare
772 1483 947 1560 coepissent,
966 1484 997 1542 et
1014 1483 1048 1541 in
1067 1483 1158 1542 altum

142 1573 250 1632 fluctus
270 1594 288 1633 a
305 1575 387 1632 terra
400 1573 544 1647 volarent,
559 1576 672 1648 quanta
687 1572 881 1648 conplorati0,
896 1572 1004 1647 quanti
1022 1572 1188 1647 planctusu

142 1663 270 1721 fuerint:
293 1661 477 1736 retinebitur,
501 1661 602 1736 stabit,
625 1661 783 1722 laborabit.

208 1751 263 1825 At,
291 1753 317 1810 si
340 1751 397 1809 diis
425 1751 537 1827 placet,
563 1751 681 1829 legatus
709 1752 810 1811 noster
836 1752 902 1809 tum
928 1751 1060 1809 maxime
1086 1749 1156 1809 bene

142 1840 312 1918 navigabat.
357 1858 411 1899 nos
438 1840 471 1898 in
497 1840 553 1899 hac
579 1840 714 1915 fortuna,
743 1841 775 1898 in
804 1841 868 1898 tam
897 1839 984 1917 gravi
1014 1856 1099 1912 casu,
1126 1838 1156 1896 iu

142 1929 288 1988 eiusmodi
315 1929 545 2006 cogitationibus
573 1947 688 1989 sumus:
714 1931 749 1988 tu
772 1930 853 1988 sinus
882 1929 974 1987 maris
997 1928 1106 1988 circuis
1128 1929 1155 1986 et

141 2039 195 2094 per
218 2020 313 2078 omnis
337 2021 527 2077 curvaturam
549 2018 673 2077 litorum
696 2017 825 2077 ambitus
848 2018 961 2076 terram
985 2017 1071 2094 legis.
1116 2017 1187 2076 sica

141 2107 184 2182 fit,
207 2112 241 2167 ut
259 2111 289 2166 te
311 2109 394 2166 iuvet
416 2107 469 2165 diu
492 2108 642 2184 navigare.
679 2107 780 2166 nullus
804 2123 946 2166 amoenus
968 2105 1155 2181 praetermit-

141 2200 217 2256 titur
239 2199 352 2273 portus,
375 2197 458 2255 nulla
480 2196 603 2255 celebris
626 2197 733 2256 civitas
756 2195 913 2255 invisitata
934 2194 1091 2254 bannitur.

207 2286 344 2360 Mentior,
368 2286 459 2344 etiam
482 2284 520 2343 ad
543 2287 699 2344 esurientis
723 2285 865 2361 adplices.
911 2283 994 2359 dein,
1018 2284 1046 2344 si
1070 2302 1154 2360 quam

140 2376 256 2434 timoris
279 2376 421 2433 iniuriam
445 2376 587 2450 quereris,
616 2393 676 2434 non
703 2375 799 2434 ieram
820 2376 851 2434 te
875 2376 1059 2433 morantem:
1086 2390 1153 2449 quo·

139 2464 228 2523 modo
261 2465 333 2523 satis
366 2463 509 2523 accusabo
537 2461 733 2523 vendentem?
779 2462 902 2540 spiritus
929 2465 1051 2522 nostros
1077 2464 1187 2522 tran-se

141 2553 252 2626 seribiS,
276 2553 403 2612 salutem
425 2556 558 2612 nostram
582 2554 711 2628 exponis.
753 2569 829 2628 quae
853 2551 905 2610 diu
926 2550 1151 2611 inaestimabilis

141 2643 213 2715 fuit,
241 2643 442 2701 innocentiam
463 2643 614 2718 publicam
637 2642 748 2701 vendis.
794 2641 978 2699 frumentum
1000 2660 1064 2701 non
1085 2658 1151 2699 neu·

140 2731 238 2809 fregio
266 2730 462 2807 perdidimus,
491 2750 551 2790 non
580 2731 752 2791 latrocinio:
782 2731 865 2789 lucro
893 2731 1037 2805 perimus.
1083 2732 1151 2788 tem·

212 2943 298 2990 duee
316 2947 341 2989 J
410 2941 507 2990 dante
526 2951 592 3006 ergo
610 2941 704 2990 aotam
722 2935 748 2988 Κ
766 2933 1056 3003 adclamatum
1114 2948 1153 2986 re·

139 3027 202 3062 rum
220 3026 270 3064 oua
290 3017 311 3060 V
371 3006 501 3060 'lsaltim
518 3016 546 3060 B
605 3007 870 3076 8ipsi1ialterum
889 3003 1135 3072 inrus.?ss;i'

140 3082 169 3149 (2
188 3081 238 3133 litt.
253 3080 300 3148 er.)
315 3087 348 3131 11
417 3078 635 3132 9mutabuntur
652 3088 680 3132 Β
751 3083 783 3131 11
803 3075 921 3130 interius
941 3085 973 3129 Β
1050 3082 1084 3130 12
1123 3073 1153 3114 '-

140 3151 228 3205 fertur
246 3161 267 3203 ι’
317 3152 349 3204 ut
362 3166 395 3203 ece
408 3149 452 3202 vel
470 3159 491 3202 s'
545 3155 577 3202 13
596 3165 662 3203 nam
680 3148 722 3202 nil
740 3147 854 3219 quidem
873 3156 905 3200 Β
956 3146 1028 3217 quid
1048 3160 1076 3202 s:
1094 3144 1151 3217 qui·

140 3224 204 3276 dem
222 3245 244 3275 ω
300 3226 333 3274 14
352 3221 558 3276 contrariam·
608 3221 638 3275 in
656 3237 698 3276 om
725 3229 747 3273 ι’
798 3225 831 3273 15
855 3235 884 3273 a:
904 3234 972 3272 aea
990 3220 1103 3289 (ram)

139 3311 253 3399 pluritas
272 3338 300 3382 B
372 3333 405 3382 18
428 3327 607 3398 navigabits
680 3332 713 3380 19
732 3326 825 3380 sinum
844 3335 876 3379 Β
940 3324 1075 3379 circumis
1093 3332 1154 3389 Ιμ

140 3407 174 3454 20
193 3417 288 3454 omnes
307 3408 376 3452 mo
445 3405 478 3453 22
497 3400 643 3453 invisitata
661 3415 694 3453 ex
712 3398 866 3452 invisatata
879 3406 907 3450 Β
978 3402 1012 3451 23
1032 3397 1150 3452 asurim

139 3474 182 3525 tes
201 3482 254 3536 spo
342 3470 477 3535 deindes
566 3477 600 3524 24
623 3469 779 3541 querereris
798 3478 819 3521 r
905 3473 938 3522 26
962 3468 1099 3523 transibis
1116 3474 1150 3529 Ι,

132 3562 251 3602 eoram
327 3543 535 3609 ‘tinomine
