2408 3840
145 166 211 231 314
422 161 614 218 axonam
631 160 878 218 Monaesum.

145 353 221 411 quae
245 334 280 391 de
304 333 491 392 innocentiae
513 334 669 410 punitione
694 332 839 408 prevenit.
886 330 1058 390 innocentia
1082 332 1160 390 euim

144 441 218 499 epus
237 424 291 497 eet,
313 424 348 480 ut
366 423 508 481 miserum
525 422 618 480 faciat
635 420 728 479 dolor.
774 420 932 496 deceperas
950 439 1006 494 me,
1028 419 1159 494 fortune,

143 513 313 587 deceperaS,
341 511 367 570 si
389 511 464 569 mihi
485 513 550 569 tam
572 509 685 588 grande
707 509 825 570 fecisset
851 509 969 569 facinus
994 509 1085 569 homo
1109 511 1161 584 qui

142 601 251 660 liberes
274 620 334 659 nen
351 599 482 659 haberet.
527 618 630 658 rumor
646 599 678 656 in
701 599 824 658 civitate
846 599 929 658 ortus
953 600 999 658 est
1020 617 1068 657 me
1091 617 1160 674 pre·

144 690 270 749 ditcrem
294 708 356 748 esse
384 688 480 747 adhue
506 688 658 765 incognite
685 687 813 747 rumoris
841 689 971 747 auctore.
1015 689 1052 746 tu
1075 706 1161 746 accu-
1185 707 1197 746 s

143 779 217 839 sasti
234 780 373 854 patenter
391 781 422 836 et
444 779 555 837 crimen
574 777 672 836 fecisti
694 777 731 836 de
748 776 859 835 fabula.
905 777 957 837 sed
976 777 1060 852 dicis,
1084 778 1162 836 meri

143 869 243 941 debeo,
262 870 333 942 quia
351 866 399 925 lex
419 886 477 942 qua
495 867 526 924 te
545 865 690 940 accusavi,
708 866 765 925 hec
782 865 967 942 proditorem
984 867 1053 941 pati
1070 866 1161 924 iubet'

143 960 279 1033 poteram
309 956 428 1030 quidem
454 955 587 1013 breviter
614 951 792 1030 r'espondere
820 955 917 1033 legem
946 973 1023 1030 quae
1048 955 1159 1014 calum·

143 1047 290 1104 niatorem
312 1045 391 1103 idem
413 1044 479 1120 pati
501 1044 597 1118 iubet,
619 1045 682 1102 eius
704 1063 832 1120 poenam
853 1045 984 1122 exigere,
1014 1043 1097 1118 qued
1117 1043 1161 1102 fe·

143 1136 243 1207 111111,
273 1152 333 1192 nen
361 1133 441 1208 qued
467 1133 563 1192 faeere
591 1133 742 1192 voluisset
791 1132 937 1210 fingamm
968 1135 1073 1192 tamen
1100 1152 1161 1191 nen
1173 1152 1198 1192 11

143 1224 200 1283 hee
222 1241 383 1299 pauperem
413 1224 547 1299 captasse
572 1221 651 1298 qued
680 1222 801 1295 accidit,
829 1220 878 1279 cui
904 1221 992 1280 debet
1015 1221 1161 1298 imputari

144 1314 238 1371 exitus
269 1313 322 1387 qui
351 1311 387 1370 de
421 1311 588 1370 calumniae
617 1313 687 1369 tuae
716 1310 802 1368 fluxit
833 1307 953 1369 errore?
1004 1313 1161 1387 praeterea

144 1403 289 1460 accusasti
306 1420 354 1459 me
373 1419 407 1458 eo
426 1403 559 1476 tempore
577 1419 636 1475 que
655 1418 715 1458 non
727 1402 864 1476 poteram
877 1398 1039 1458 damnatus
1058 1399 1159 1459 occidi

143 1493 177 1548 tu
201 1508 270 1566 erge
294 1488 430 1564 effecisti,
461 1491 495 1548 ut
523 1488 725 1548 occiderentur
749 1488 837 1547 liberi
862 1490 938 1561 mei,
968 1506 1038 1547 eum
1062 1508 1161 1548 ceram

142 1579 253 1654 popule
272 1579 479 1654 proclamasti:
497 1577 630 1655 prodidit
647 1595 700 1637 ves
718 1577 881 1654 imperator
900 1579 1007 1652 vester,
1028 1577 1194 1637 1111111111

144 1667 227 1725 disti:
258 1686 336 1726 nune
366 1670 396 1725 et
424 1668 488 1743 ipse
518 1667 626 1726 liberos
654 1666 752 1726 habet.
799 1669 825 1726 si
853 1668 922 1742 pest
951 1665 1031 1726 hanc
1060 1686 1158 1727 vocem

143 1757 257 1831 templa
270 1751 516 1835 mo<n>strasses,
529 1756 634 1830 utique
643 1755 783 1814 turbatus
792 1756 920 1832 populus
934 1754 966 1813 id
981 1747 1070 1838 (sicl)
1085 1775 1159 1816 eem-

142 1845 292 1905 bussisset.
338 1846 429 1904 morti
447 1864 477 1904 se
497 1845 590 1904 effert.
624 1845 784 1919 oiudices,
808 1847 885 1921 pete,
908 1864 946 1903 ne
970 1846 1020 1904 eui
1044 1846 1157 1905 nocenti

143 1954 255 2011 poenae
287 1937 456 2010 praestetur
487 1934 652 1992 arbitrium.
704 1933 853 1992 infinitam
887 1933 968 1992 enim
1000 1934 1155 1994 sceleribus

145 2025 267 2099 aperitis
298 2024 466 2096 audaciam,
501 2024 527 2081 si
555 2042 683 2098 poenam
712 2022 784 2082 lieet
813 2022 922 2100 eligere
954 2024 1184 2084 condemnatae

143 2115 227 2172 nulla
251 2114 330 2170 enim
352 2132 447 2188 poena
471 2114 515 2170 est
537 2113 597 2170 nisi
618 2111 723 2170 invite.

414 2343 480 2401 XII.
506 2337 883 2420 Genavam<av>s1asm

210 2467 422 2543 Arpomeetem
444 2487 470 2525 e.
485 2486 517 2541 p.
536 2470 611 2536 217,
632 2469 660 2526 6.

212 2558 302 2617 Dicat
320 2577 389 2636 ergo
408 2576 484 2615 unus
503 2576 518 2614 e
538 2555 651 2615 civibus
671 2557 774 2616 centra
793 2575 861 2614 eum
877 2574 981 2615 coram
1000 2556 1153 2616 iudicibus:

213 2644 438 2721 deliquerim,
470 2665 487 2705 e
517 2645 641 2720 iudices,
671 2645 707 2704 de
736 2645 792 2704 hec
819 2644 978 2720 scelerate,
1008 2649 1083 2720 quia
1108 2657 1182 2704 nese

145 2753 245 2793 omnes
269 2737 426 2794 sceleratos
450 2734 554 2807 effecit,
578 2734 648 2792 dum
665 2737 729 2792 tam
752 2734 832 2792 lente
854 2736 886 2791 in
908 2736 1044 2810 patriam
1066 2753 1154 2794 rever-

144 2825 226 2881 titur.
263 2823 390 2882 narrabo
405 2823 470 2897 sibi,
490 2824 633 2899 quianon
647 2823 754 2896 adfuit,
772 2822 887 2882 cladem
901 2825 1046 2882 nostram
1074 2823 1155 2882 iudex

145 2913 225 2970 enim
241 2913 314 2971 haee
332 2913 425 2972 nevit.
463 2913 541 2986 audi,
563 2913 666 2990 igitur,
685 2911 757 2970 audi
778 2912 963 2970 frumentum
981 2912 1065 2972 istud
1084 2908 1155 2988 qued

144 3001 326 3075 lucrifecisti,
350 3003 456 3076 quanti
474 3001 558 3060 uobis
581 3003 705 3060 constet.
745 3002 832 3059 tanta
854 3001 914 3059 fuit
936 3001 1060 3060 interim
1083 2998 1156 3078 apud

144 3109 198 3147 nos
229 3091 371 3149 sterilitas
402 3109 461 3165 qua
494 3092 575 3149 terra
603 3109 665 3149 nen
687 3089 754 3165 plus
778 3088 932 3166 produxit,
963 3108 998 3149 ac
1028 3092 1056 3150 si
1085 3092 1186 3150 essetis

144 3180 248 3237 ferrea.
290 3182 378 3254 prata
408 3173 650 3257 exa[u]ruerunt,
679 3181 833 3256 perierunt
862 3178 996 3253 frondes,
1025 3181 1156 3257 germina

144 3287 203 3326 nen
228 3269 370 3325 exierunt.
416 3267 496 3326 nuda
518 3270 598 3327 terra
625 3271 656 3327 et
682 3262 829 3349 ar[r]idae
852 3267 957 3346 glebae
981 3272 1076 3328 eraut
1116 3271 1157 3326 in·

138 3357 245 3420 audita
269 3357 335 3421 lues
366 3376 445 3437 quae
472 3357 553 3418 nibil
568 3357 688 3416 1111111111
710 3357 835 3430 relicuit
858 3361 980 3431 praeter
1001 3358 1156 3418 hominem

128 3454 251 3516 utinam
278 3453 394 3518 saltem
412 3450 506 3514 nobis
523 3449 636 3510 rudem
648 3447 770 3506 rictum
783 3443 878 3500 surae
895 3444 1124 3513 rammasses,
1134 3450 1164 3499 a

116 3566 252 3630 carpere
276 3550 424 3628 arbusta,
452 3544 623 3608 concutere
644 3550 804 3613 quereum,
816 3527 925 3599 1111ὒῖ11
937 3523 1198 3594 ffiffiffimb'
