2408 3840
99 115 165 178 404
412 111 603 166 axonam
621 111 800 166 PARISINA.

98 285 229 357 insuper,
253 282 332 356 quod
354 280 448 340 totius
471 281 582 340 doloris
606 280 740 339 cumulus
765 283 819 355 est,
843 280 923 357 quod
945 284 1009 338 tam
1032 279 1106 338 desc-

98 373 154 430 lati
177 371 278 429 solatii
296 388 370 428 onus
393 373 447 444 est,
470 371 598 428 virentis
619 369 710 428 etiam
733 371 799 428 vita
816 370 901 428 laesa
918 371 964 429 est
982 388 1016 427 ec
1035 368 1108 444 quod

99 462 201 518 fratris
225 461 319 518 morte
337 461 442 518 notata
465 464 517 517 est.
564 459 720 518 maluisset
737 459 803 534 ipse
827 478 919 534 quam
943 460 984 517 sic
1006 458 1108 529 vivere,

98 549 248 625 languere,
272 549 355 606 mori.

473 680 523 738 IX.
549 678 739 738 cessuros.

100 798 246 856 Abdicare
271 799 301 854 et
323 814 459 854 recusare
482 797 578 854 liceat.
625 796 707 854 dives
731 799 762 854 ct
779 814 894 872 pauper
918 795 1020 856 odiosi.
1061 793 1109 852 filii

144 906 245 946 eorum
275 885 333 943 duo
363 885 465 943 dilecti
494 885 552 943 sibi
581 885 708 944 invicem
737 885 826 943 fuere.
878 887 977 961 poscit
1006 885 1109 962 legatio

145 976 276 1033 divitem.
319 973 404 1031 radit
430 972 517 1033 filius.
563 975 748 1048 piraticatur.
794 973 939 1033 rescribit.
981 976 1110 1032 moratur

146 1067 239 1139 pater.
282 1064 393 1121 amicus
417 1062 509 1120 vadit.
551 1063 705 1121 venditum
723 1063 834 1139 reperit
852 1063 1042 1140 gladiaturae
1063 1081 1109 1137 pa·
1192 1090 1201 1121 ·.

144 1156 251 1211 ratum.
299 1152 386 1210 subit.
428 1154 562 1209 moritur.
604 1153 774 1227 redemptus
798 1151 883 1210 redit.
926 1155 1046 1227 patrem
1067 1151 1138 1209 deu

144 1242 239 1298 functi
263 1242 326 1299 alit.
351 1239 513 1298 abdicatur.

167 1383 274 1440 Filius.
312 1383 390 1456 licet,
408 1382 529 1457 iudices,
544 1402 590 1440 me
605 1403 691 1442 nemo
705 1383 840 1441 miserior
854 1383 990 1441 extiterit
999 1385 1111 1458 practer

100 1492 193 1528 unum
218 1491 304 1545 quem
335 1473 365 1530 et
388 1489 443 1548 ego
471 1471 611 1530 miserum
639 1473 708 1546 feci,
738 1490 890 1546 nunquam
917 1474 1021 1530 tamen
1043 1472 1112 1530 hanc

100 1561 251 1618 miseriam
281 1562 386 1617 timere
416 1561 515 1636 potui,
544 1580 581 1619 ne
611 1564 680 1637 post
706 1561 891 1635 redemptum
920 1579 977 1635 per
1007 1561 1113 1619 abenas

101 1667 205 1707 manus
224 1649 319 1706 filium
337 1649 418 1723 patri
436 1649 638 1708 misericordia
657 1649 832 1726 displiceret.
869 1650 968 1708 Pater.
1007 1651 1113 1708 miseri-
1124 1665 1140 1706 u

102 1739 202 1798 cordia
225 1738 346 1813 quidem
364 1757 424 1795 non
443 1738 593 1814 displicet3
616 1738 666 1797 sed
690 1757 742 1797 nec
761 1757 841 1796 error
860 1738 968 1814 placet.
1013 1740 1050 1797 F.
1069 1758 1114 1797 cur

101 1830 194 1906 igitur
217 1825 356 1885 abdicas?
397 1828 429 1884 P.
449 1827 563 1886 inimici
585 1827 681 1885 filium
703 1827 840 1886 dilexisti.
882 1828 918 1884 F.
946 1847 1008 1886 non
1033 1827 1113 1887 dilexi

101 1917 205 1991 filium,
229 1917 279 1976 sed
302 1919 437 1974 amicum.
480 1917 511 1973 P.
532 1916 719 1976 nondesinit
745 1935 805 1976 esse
828 1915 920 1990 filius,
951 1918 1026 1992 quia
1050 1917 1112 1976 ami·

102 2026 160 2065 cus.
203 2006 344 2064 debuerat
367 2005 498 2063 desinere
522 2006 584 2063 fore
609 2007 735 2080 amicus,
764 2005 927 2080 quietalis
952 2005 1043 2066 filius.
1083 2006 1112 2064 F.

102 2115 156 2171 ego
176 2096 348 2172 diligentem
367 2094 463 2152 odisse
480 2113 538 2151 ncn
556 2096 703 2169 poteram,
721 2095 860 2169 quoniam
878 2112 934 2152 nec
953 2097 990 2154 tu
1009 2110 1139 2172 paupe-n

101 2205 172 2257 rem,
192 2187 265 2241 site
285 2186 422 2257 amasset,
441 2183 552 2242 oderas.
596 2185 628 2241 P.
643 2183 924 2260 impotentissimum
944 2203 993 2242 me
1013 2185 1114 2244 fecisti.

102 2292 188 2331 nemo
208 2293 274 2330 cum
292 2272 345 2329 1110
364 2276 425 2330 stat
444 2292 531 2346 quem
549 2272 628 2332 filius
644 2272 760 2331 deserit.
797 2273 829 2329 P.
844 2275 1007 2348 memento,
1027 2276 1115 2350 pater,

102 2383 155 2437 prc
179 2382 237 2436 quc
268 2365 314 2418 tct
343 2361 476 2437 pericula
499 2361 651 2434 subierim,
681 2380 740 2420 ncn
770 2360 847 2419 dices
871 2361 1027 2421 desertum
1040 2381 1114 2441 esse.

102 2452 134 2507 P.
155 2452 228 2507 mihi
247 2471 338 2507 unum
357 2449 518 2523 auferebas,
536 2451 584 2507 illi
602 2450 674 2508 duos
694 2450 793 2508 dabas.
835 2450 871 2507 F.
889 2452 931 2509 sic
952 2452 1010 2510 tibi
1031 2471 1115 2510 uuum

103 2540 280 2612 auferebam,
304 2542 338 2596 ut
361 2539 434 2596 duos
453 2538 560 2597 darem.
603 2541 645 2598 sic
667 2539 715 2597 illi
732 2538 849 2614 dabam,
872 2542 907 2597 ut
925 2544 1070 2600 neutrum
1091 2541 1142 2598 ins

103 2631 131 2685 te
156 2628 284 2685 haberet.
326 2629 358 2684 P.
380 2628 431 2702 qui
454 2629 535 2686 sclus
565 2631 610 2686 est
631 2629 779 2702 habetque
810 2628 923 2702 hostes,
956 2632 1051 2690 morti
1074 2629 1117 2688 ad·
1186 2642 1191 2699 ἕ

104 2717 207 2774 dictus.
250 2718 285 2773 F.
305 2717 372 2774 vide
397 2735 486 2790 quam
509 2717 588 2775 sclus
612 2718 664 2792 sit,
690 2736 745 2792 pro
770 2736 827 2792 quc
850 2716 934 2782 filius,
956 2722 1035 2777 mori
1059 2739 1117 2795 per·
1185 2718 1192 2769 1

175 2874 190 2919 2
211 2868 304 2920 solatii
324 2886 374 2922 cm.
398 2877 453 2934 V133
474 2868 538 2921 sotii
560 2878 585 2922 R

175 2999 190 3044 5
211 2993 287 3045 dives
307 2994 335 3045 et
354 3009 462 3061 pauper
480 2992 588 3045 inimici
606 2956 658 3046 dil
672 2992 723 3047 lex.
802 2999 818 3047 6
837 2993 972 3048 abdicare
989 3027 1021 3034 —
1038 2995 1118 3048 liceat

103 3081 152 3116 oce.
177 3073 222 3115 VB
294 3069 326 3115 15
344 3081 395 3130 pro
409 3065 491 3132 pater
509 3065 614 3118 exbibet
627 3080 735 3133 pauper
748 3074 776 3117 P
844 3071 909 3119 0010
926 3066 1117 3120 misericordia

103 3135 167 3187 cdd.
184 3145 223 3199 ης
244 3135 272 3185 Ρ.
289 3154 311 3187 c.
332 3135 385 3187 hoc
403 3135 619 3188 inimiciciarum
633 3152 722 3204 genus
740 3136 782 3189 ita
795 3135 970 3205 implicuerit
989 3138 1072 3202 filius,
1091 3142 1119 3190 ut

103 3205 161 3258 odii
180 3206 236 3258 mei
255 3207 375 3259 formam
393 3223 537 3274 nunquam
557 3205 685 3260 oblivisci
704 3206 815 3262 sineret.
852 3223 909 3260 non
927 3210 1025 3263 tamen
1044 3207 1118 3262 inid

101 3277 233 3349 angustie
252 3293 342 3349 genus
358 3278 472 3332 detrudi
488 3294 534 3332 me
550 3294 631 3346 posse
649 3277 794 3347 putabam,
813 3281 846 3332 ut
864 3279 958 3347 ipsum
977 3280 1118 3334 inimicum

90 3370 215 3423 pascere
237 3369 364 3425 cogerer.
403 3353 434 3407 ct
455 3349 531 3405 mibi
549 3349 667 3417 quidem
759 3354 796 3398 as
813 3350 939 3411 udinem.
958 3368 1042 3414 enum
1066 3358 1118 3414 ης

85 3445 140 3484 om.
162 3440 195 3487 R
297 3426 473 3502 displiceret
494 3434 521 3479 R
607 3433 678 3471 neu.
693 3432 756 3468 nun
772 3425 801 3465 ιι
883 3420 922 3462 ‘aa
938 3416 1075 3465 sumerum
1088 3427 1128 3464 u

77 3508 116 3559 25
138 3504 188 3561 illi
213 3507 292 3563 duos
315 3505 432 3563 dabam
455 3508 485 3555 R
561 3486 759 3546 ‘illaudatus
776 3483 822 3531 est
840 3486 915 3527 nun
