2408 3840
335 127 568 182 DncLAMAIIO
587 127 651 182 VIII
667 133 778 182 11-11.
1002 126 1062 191 161

53 319 138 358 mum
167 299 250 374 parti
281 315 373 374 grave
403 299 513 356 tacitae
540 296 632 373 pestis
664 297 779 373 pondus
807 297 960 370 insederit,
987 297 1065 355 unde

53 389 231 465 prorumpat
257 387 290 445 in
317 386 444 464 gemitus
473 388 604 445 conscius
636 385 726 445 dolor.
772 386 903 444 medicus
932 386 982 460 qui
1012 405 1065 461 per

52 479 126 536 haec
148 495 210 535 uon
234 477 334 551 potest
355 475 489 535 invenire
512 476 698 552 languorem,
726 493 785 532 non
807 476 922 534 invenit
944 493 997 533 nec
1020 494 1064 532 re·

53 567 193 626 medium.
241 562 334 640 quid?
359 565 386 622 si
413 564 528 639 aliquid
554 565 659 622 sanato
686 564 833 622 medicina
860 565 959 639 potest
980 567 1115 639 prae-17

31 658 142 718 estare.
179 654 292 714 rationi
314 652 432 728 sufficit,
456 653 534 728 quod
558 653 718 728 aliquando
741 655 802 711 iam
824 653 905 711 facta
923 671 958 710 ex
978 654 1065 712 unius

56 744 186 804 hominis
204 744 387 818 inspectione
406 743 444 800 ad
461 744 555 801 totius
572 742 759 800 intellectum
776 744 901 800 naturae
919 741 1066 800 medicina

53 829 205 910 profecit?
251 832 324 906 quid
346 831 499 891 adlaturus
525 831 595 890 huic
619 833 740 908 aegroto
764 834 809 890 est
832 830 911 905 quod
933 850 992 888 non
1019 832 1066 888 tot

53 922 256 993 saeculorum,
278 922 326 979 tot
347 920 553 998 languentium
577 922 777 996 experimenta
801 916 1066 995 deprehenderint?

53 1013 99 1071 vis
123 1012 160 1068 tu
182 1011 283 1086 potius
305 1009 361 1068 hac
385 1010 509 1068 audacia
532 1028 592 1084 qua
614 1011 728 1068 secreta
752 1009 904 1086 languoris
928 1009 1066 1084 exquiris

16 1121 41 1160 11
53 1099 188 1159 remedia
205 1095 374 1174 temptare?
410 1098 528 1156 brevior
546 1099 597 1156 via
615 1098 753 1157 sanitatis
771 1098 927 1171 humanae,
944 1099 1067 1173 propior

55 1190 176 1248 nostrae
206 1186 310 1246 salutis
342 1187 458 1246 utilitas
491 1189 542 1246 est.
593 1188 620 1246 si
651 1188 796 1246 viscerum
833 1188 942 1245 nimius
979 1186 1067 1245 ardor

55 1278 162 1336 stricta
185 1277 263 1335 circa
286 1295 317 1335 se
339 1275 471 1335 membra
494 1276 622 1349 duravit,
646 1275 752 1334 adhibe
770 1276 901 1334 remedia
922 1276 1065 1334 laxantia.

55 1368 81 1426 si
106 1365 211 1424 fluitat
232 1366 320 1424 nimis
345 1384 433 1442 aeger
454 1365 640 1438 humoribus,
667 1367 786 1440 praesto
815 1366 887 1438 sint,
914 1384 968 1439 per
991 1383 1066 1439 quae

54 1456 165 1531 pressis
193 1454 340 1529 clusisque
363 1455 445 1513 venis
468 1455 500 1511 11
523 1472 615 1512 novas
639 1454 716 1512 vires
740 1472 846 1529 corpus
874 1455 995 1512 arescat.
1042 1455 1067 1513 si

21 1564 44 1604 11
55 1563 163 1620 parum
190 1543 311 1618 prodest
338 1541 531 1616 abstinentia,
558 1560 660 1601 rursus
689 1542 822 1600 ciborum
850 1542 995 1616 qualitate
1023 1543 1067 1600 fo-

55 1635 170 1692 veatur.
204 1633 230 1691 si
247 1633 370 1708 spiritus
388 1634 512 1707 receptis
531 1633 677 1707 premitur
695 1632 854 1704 alimentis,
877 1631 916 1689 ad
933 1633 1067 1707 puriores

56 1723 173 1781 meatus
195 1722 306 1779 ieiunio
329 1721 466 1795 fameque
489 1723 634 1779 tenuetur.
658 1721 799 1798 'contigit
816 1719 874 1778 tibi
891 1739 1000 1798 magna
1020 1739 1066 1778 ex-

56 1811 291 1887 perimentorum
308 1811 443 1884 materia,
461 1810 581 1884 medice,
601 1811 683 1887 aegri
701 1809 759 1868 duo
780 1811 810 1867 et
831 1810 958 1886 languor
980 1809 1067 1867 idem.

56 1918 117 1958 non
144 1900 191 1958 est
217 1917 303 1974 opus,
331 1901 366 1957 ut
393 1901 526 1974 expectes
559 1899 676 1973 quando
709 1917 798 1974 super
824 1900 912 1958 unius
939 1899 1067 1957 hominis

20 1989 237 2064 sopatientiam
260 1988 386 2063 explicet
407 1988 630 2062 profuturorum
652 2006 762 2064 magna
785 1988 949 2048 diversitas.
983 1991 1067 2063 potes

57 2076 187 2154 experiri
212 2077 326 2152 pariter
353 2076 467 2149 eadem,
500 2079 708 2152 consentanea,
736 2077 866 2150 diversa,
893 2077 1067 2154 pugnantia.

55 2165 142 2224 nulla
164 2164 242 2224 ratio
266 2167 311 2223 est
332 2165 497 2239 vulnerum,
523 2166 683 2243 sanguinis,
707 2184 919 2241 supremorum.
967 2184 1067 2239 quem-

56 2254 219 2314 admodum
242 2253 342 2312 sanari
365 2253 470 2312 debeat
493 2255 570 2313 alius
594 2274 690 2331 aeger,
714 2256 788 2314 scire
810 2273 870 2311 non
892 2255 987 2329 possis
1010 2254 1069 2311 nisi

59 2363 94 2403 ex
116 2344 238 2402 bomine
260 2344 373 2401 sanato.
420 2341 512 2417 quid?
540 2343 619 2418 quod
642 2345 746 2417 etiam,
769 2344 803 2400 ut
825 2341 904 2400 idem
927 2342 966 2400 111
988 2342 1068 2400 vale·

18 2454 44 2494 ss
57 2432 174 2492 tudinis
198 2450 298 2508 genus,
320 2450 437 2490 necesse
460 2434 504 2491 est
526 2433 628 2490 tamen
646 2432 772 2490 duorum
795 2449 950 2506 corporum
973 2430 1068 2489 diver·

55 2522 148 2582 sitate
178 2521 317 2580 varietur.
362 2539 515 2595 nunquam
543 2522 576 2577 in
607 2521 711 2580 alienis
741 2521 902 2579 visceribus
934 2521 1068 2578 invenias

55 2611 158 2670 totum
181 2609 260 2685 quod
282 2609 318 2667 de
341 2610 435 2668 altero
457 2627 590 2685 quaeras,
614 2613 644 2668 et
667 2611 744 2668 alius
767 2610 893 2686 languor
916 2611 969 2683 est,
993 2609 1068 2666 alius

56 2717 156 2776 aeger.
202 2717 255 2757 cur
275 2700 438 2757 maximum
459 2698 542 2758 nefas
566 2698 688 2758 alterius
716 2698 771 2756 filii
794 2699 890 2757 salute
916 2695 1069 2756 defendis?

56 2790 157 2861 homo,
180 2787 289 2862 inquo
313 2786 377 2845 sola
400 2787 552 2863 quaeritur
570 2806 659 2846 causa
681 2788 842 2864 languoris,
864 2789 986 2862 propter
1009 2806 1067 2845 me-

132 2962 148 3009 1
167 2955 294 3009 conscius
313 2972 380 3010 corr.
399 2973 433 3010 ox
451 2955 570 3009 contiius
581 2955 614 3025 (?)
629 2965 657 3009 B
727 2961 744 3008 4
767 2954 835 3023 quid
854 2956 904 3010 del.
919 2957 997 3010 Desa.

58 3026 201 3082 orationi
218 3027 328 3095 scripsi:
348 3026 464 3080 rationis
483 3049 505 3079 ω
554 3028 661 3095 ⁸quod
680 3027 730 3081 del.
746 3028 822 3082 Desa.
911 3029 989 3079 'lest
1006 3031 1069 3080 oute

56 3099 127 3153 huic
144 3107 167 3150 V
251 3103 267 3151 9
290 3097 345 3151 hac
367 3098 468 3152 adaoia
486 3097 605 3152 audacia
624 3109 656 3164 Ρ,
680 3097 780 3151 adaeia
799 3097 848 3152 del.
864 3115 963 3152 manus
982 3101 999 3151 3

60 3176 94 3224 13
116 3185 202 3239 aeger
219 3167 380 3238 langoribus
397 3168 560 3223 humoribus
583 3179 604 3221 V
664 3175 697 3223 14
715 3184 803 3223 nonas
822 3178 849 3221 Ρ
911 3174 943 3222 lb
962 3167 1069 3236 qualite

59 3243 112 3311 (te
130 3244 163 3296 ia
179 3241 246 3309 ras.)
264 3241 292 3293 B
353 3244 386 3293 l'l
406 3240 546 3310 contingit
563 3250 588 3294 J
649 3245 681 3293 18
703 3240 780 3310 aegri
799 3240 866 3295 duo:
888 3240 1034 3309 aegritudo
1053 3248 1074 3291 V

61 3318 94 3366 19
119 3327 214 3381 super:
234 3326 264 3366 se
282 3326 333 3380 per
351 3322 367 3364 s
442 3314 582 3381 expectes:
602 3311 741 3380 inspectes
760 3312 837 3366 Desa
920 3315 953 3363 10
971 3312 1071 3382 potes}

60 3387 84 3453 (t
101 3385 150 3453 er.)
164 3392 202 3450 113
221 3384 316 3452 potest
334 3391 366 3434 II
452 3389 484 3436 11
505 3384 703 3438 consentanea:
723 3382 834 3437 conseia
851 3391 881 3449 J,
905 3394 999 3438 corus

60 3514 96 3562 as
114 3506 279 3562 valitudinis
297 3516 319 3559 V
387 3512 419 3560 16
439 3470 548 3561 1111111
618 3512 652 3562 18
670 3508 776 3580 {cmv

115 3606 272 3656 ommim
281 3616 484 3649 vuonmsrorms
498 3609 535 3650 ed.
548 3609 691 3655 Lehnsrt.
896 3606 934 3655 U
