2408 3840
337 141 572 198 DECLAMATIO
591 142 668 197 xvn
683 148 795 197 16-18.
1011 143 1076 208 317

57 313 135 372 dicit
161 312 218 372 hoc
245 314 407 389 accusator,
435 311 509 372 dicit
535 314 591 371 hoc
613 312 724 387 victus,
751 311 826 370 dicit
850 314 976 389 secreto,
1004 313 1078 372 dicit

57 403 111 480 sic,
134 404 171 462 ut
193 403 289 478 possit
310 420 429 479 negare,
452 403 479 461 si
499 401 610 461 bibero.
648 395 748 459 ‘bibe'
787 419 842 479 ego
861 402 981 477 quidem
999 403 1078 477 volo,

57 494 92 551 et
112 492 169 551 hoc
191 509 260 550 cum
279 492 407 549 maxime
426 509 509 567 paro,
531 490 584 551 sed·
600 493 699 550 totum
717 491 797 549 hunc
815 491 957 565 animum,
980 510 1077 565 senex,

56 583 114 639 tua
141 579 287 639 aviditate
314 581 447 639 mutasti.
495 575 593 639 ‘biba’
640 580 712 655 quid
739 581 835 639 restat
856 598 948 655 quam
974 581 1010 638 ut
1030 599 1077 640 re-

31 671 192 730 scusantis
220 687 272 728 ora
300 667 445 728 diducas?
471 671 506 727 ut
532 669 673 728 infundas
695 688 749 745 per
774 670 926 744 oppositas
948 668 1076 728 manus?

57 758 135 817 mihi
157 776 228 817 vero
256 762 327 817 tunc
355 756 465 816 excidit
493 757 565 832 quid
591 758 695 832 velim,
722 757 796 833 quid
822 774 967 834 parerem.
1013 758 1077 818 vidi
1090 758 1130 813 18

57 851 158 907 truces
180 847 329 922 loquentis
353 847 462 922 oculos,
487 847 588 906 vultus
611 846 785 924 parricidali
807 847 913 906 ardore
936 846 1076 907 suffusos:

58 937 158 996 iuberi
179 935 254 995 mihi
275 935 407 1011 videbar,
431 939 466 994 ut
489 935 620 996 biberem
642 939 729 995 tuum
751 954 906 996 venenum.
947 937 1077 1010 nescisti,

57 1027 156 1101 pater,
178 1025 375 1101 pertinaciam
397 1043 494 1084 meam
517 1043 644 1101 servare,
666 1027 795 1084 nescisti.
836 1024 932 1083 filium
955 1028 1078 1101 propter

17 1118 90 1176 rote
113 1116 191 1174 mori
212 1115 362 1173 volentem
384 1113 614 1190 deprehendisti
660 1116 705 1174 vis
728 1112 882 1173 occidere?
917 1117 994 1173 veta.
1031 1115 1077 1173 in-

58 1203 136 1263 vade
164 1204 317 1278 poculum,
345 1223 382 1262 ne
410 1203 560 1279 hauriam,
588 1203 697 1262 bibam.
744 1205 892 1262 exclama:
916 1197 1076 1278 ‘temerari

59 1291 135 1369 quid
157 1287 263 1352 facisi'
309 1292 371 1351 iam
394 1291 496 1351 desino
518 1292 621 1366 irasci,
643 1294 705 1351 iam
728 1295 861 1352 revertor
883 1293 916 1350 in
939 1294 1076 1370 gratiam.

58 1380 240 1457 properabo,
263 1383 300 1441 ut
320 1381 377 1440 boc
399 1400 498 1440 secum
521 1400 607 1440 aures
629 1382 742 1455 ferant,
765 1384 800 1440 ut
821 1382 1002 1457 inpatientia
1024 1384 1078 1440 tua

58 1472 203 1530 ficantur
225 1471 313 1530 oculi.
349 1470 407 1528 tibi
429 1471 549 1547 inpubes
572 1470 651 1546 quod
674 1491 721 1531 me
743 1470 900 1544 retorsisti,
924 1471 1003 1545 quod
1026 1471 1076 1529 ab·

13 1580 45 1622 m
59 1559 126 1619 lata
144 1561 214 1618 sunt
232 1562 417 1619 sacramenta
436 1559 586 1636 pereundi.
619 1560 773 1619 innocenti
789 1560 909 1619 facilius
928 1563 974 1619 est
990 1562 1076 1633 mori,

60 1649 240 1726 sirogetur,
267 1650 304 1706 nt
325 1649 417 1707 vivat.
462 1647 551 1707 fidem
574 1649 710 1723 deorum,
735 1651 881 1724 inquam
903 1668 951 1707 me
974 1652 1077 1708 contu-

59 1739 202 1813 maciam,
230 1739 326 1815 pater,
352 1739 384 1795 in
409 1757 496 1812 quem
518 1740 589 1797 tunc
611 1737 749 1814 inpulisti
771 1739 968 1798 contentionis
992 1739 1078 1797 ardo·

58 1847 134 1901 rem,
148 1845 215 1885 cum
233 1826 357 1885 diceres:
378 1821 481 1885 ‘bibet'
518 1845 572 1886 nec
590 1829 689 1886 vivere
708 1828 783 1885 mihi
805 1827 895 1886 libuit
917 1846 971 1885 neo
989 1829 1075 1886 mori.

60 1918 182 1991 ereptus
204 1934 271 1975 sum
292 1917 383 1975 miser
406 1917 504 1975 animo
523 1934 589 1975 mec
613 1918 644 1974 ct
661 1917 814 1991 inprovisa
832 1934 903 1975 voce
921 1934 1077 1992 percussus

14 2026 47 2067 -so
61 2006 134 2065 steti
162 2005 225 2063 sine
253 2003 384 2079 adfectu,
412 2007 475 2064 sine
502 2004 705 2083 negotiatione
732 2005 893 2079 attonitus,
920 2024 1020 2064 amens
1048 2007 1079 2063 et

59 2103 109 2154 me
137 2112 231 2170 paene
259 2094 346 2152 aliter
373 2093 475 2153 occidi
520 2094 596 2152 nibil
624 2097 669 2153 est
696 2095 829 2171 profecto
858 2095 1078 2170 inprovisorum

57 2183 164 2242 ,dolore
186 2182 361 2257 torrentius,
388 2186 419 2241 et
440 2183 553 2242 fractae
576 2183 724 2242 malorum
751 2184 940 2242 contentione
962 2185 1077 2242 mentes

59 2272 101 2332 ad
124 2272 327 2347 inexspectata
349 2272 489 2350 caligant.
534 2290 595 2330 non
619 2273 753 2347 querelas
777 2271 924 2347 posthoc
946 2273 1075 2346 invenio,

59 2380 123 2421 non
144 2359 245 2434 verbe,
266 2380 326 2420 non
348 2360 495 2421 lacrimas.
541 2362 581 2420 ad
601 2360 713 2419 nullius
737 2360 780 2419 rei
803 2363 943 2420 conatum
966 2360 1078 2422 sufficit

20 2471 46 2512 rs
60 2450 140 2509 mori
162 2449 285 2509 alterius
308 2452 407 2509 animo
431 2452 462 2510 et
484 2468 537 2509 suo
559 2469 681 2512 veneno.

135 2636 440 2691 ldicit—accusstor
458 2637 508 2692 dcl.
524 2638 586 2692 Obr.
641 2635 811 2708 tnegartte
824 2646 852 2690 Β
904 2603 1025 2691 sllerem
1038 2646 1078 2703 Β;

62 2714 163 2762 3onm
181 2725 231 2763 om.
246 2717 280 2762 Β
348 2708 498 2762 tnudasti
516 2717 555 2776 Β,
573 2707 617 2762 vel
635 2708 752 2762 mutasti
770 2729 802 2760 m
892 2709 955 2778 quis
973 2717 1033 2762 ΒΜ

56 2785 124 2850 post
140 2782 230 2833 restat
248 2780 311 2833 cdd.
331 2779 410 2833 locus
430 2788 470 2846 Β;
490 2779 569 2834 eiiud
587 2791 640 2843 pro
703 2780 861 2833 odeducas
881 2788 926 2844 Ma
993 2785 1079 2848 bpa-

60 2851 181 2906 nerine
253 2855 286 2904 10
304 2852 369 2904 vete
379 2883 412 2890 —
422 2852 558 2921 syllabam
571 2853 601 2904 te
618 2852 691 2906 occis
704 2851 851 2905 temerarie
866 2853 882 2904 l.
898 2856 932 2905 11
951 2868 1002 2906 om.
1016 2860 1045 2904 Β

61 2923 141 2977 vetat
159 2931 188 2990 1¹3
207 2937 277 2976 vaca
295 2931 328 2976 Β
412 2928 444 2975 11
464 2937 512 2976 ne:
534 2924 600 2975 tene
618 2931 639 2973 V
717 2922 849 2976 temerari
871 2932 900 2976 V:
919 2922 1022 2985 merari
1039 2931 1078 2989 Β;

60 3029 167 3083 mirere
189 3030 279 3097 13te
296 3027 432 3092 miraris
522 3034 554 3082 12
578 3027 667 3082 facias
685 3036 714 3081 Β
807 3034 840 3082 13
859 3011 1030 3098 prosperabo
1050 3037 1082 3081 Β

61 3102 181 3170 compr.
195 3101 237 3169 οι)
299 3101 333 3154 ut
350 3099 415 3153 hoc:
435 3115 499 3154 vero
517 3099 580 3163 bc
634 3098 727 3153 ferent
741 3109 778 3166 Β,
796 3117 865 3157 corr.
879 3121 911 3153 m
974 3105 1008 3153 14
1027 3099 1079 3154 im-

61 3173 144 3242 potes
163 3180 184 3223 V
259 3170 368 3226 torsisti
384 3180 413 3225 Β
478 3171 646 3240 qued-quod
663 3181 691 3224 Β
772 3176 804 3224 15
823 3171 967 3225 innocenti
985 3188 1019 3226 coc
1036 3171 1079 3224 -di

62 3252 95 3296 Β
166 3243 209 3296 est
227 3251 331 3310 0111111,
350 3259 472 3312 capnon
549 3246 582 3295 18
601 3257 636 3295 ne
654 3243 729 3311 (octe
746 3241 849 3310 vivere)
867 3251 905 3310 Β,
925 3259 939 3295 c
957 3260 1033 3312 supr.
1047 3264 1080 3295 u·

62 3318 97 3369 19
116 3329 179 3368 meo
194 3330 244 3369 om.
260 3323 293 3381 Β,
311 3331 386 3383 capr.
400 3335 421 3376 ρ
493 3318 528 3367 20
546 3313 607 3367 sine
624 3313 818 3439 nepotiatione
837 3331 871 3368 ee
888 3329 953 3368 sene
971 3332 998 3367 n.
1017 3322 1046 3366 Β

61 3385 251 3455 negationes
313 3391 346 3440 21
365 3401 422 3439 me:
441 3400 477 3437 ne
497 3394 518 3436 V
575 3390 609 3439 22
629 3385 664 3440 do
677 3401 708 3438 or
727 3387 756 3439 et
773 3385 932 3440 horrentins
950 3394 1010 3452 Βῆ
1030 3385 1079 3439 do-

61 3456 125 3583 lortg
140 3456 300 3513 hortentius
318 3467 357 3525 ι,
375 3455 419 3510 vel
437 3456 482 3510 tor
499 3473 577 3526 supr.-
589 3477 620 3509 m
705 3457 807 3511 mentis
827 3469 842 3522 β
926 3462 960 3510 23
980 3472 1080 3525 espec
