2408 3840
416 137 657 194 DECLAMATIO·
671 140 734 193 XIX
748 146 824 195 6—8.
995 179 997 183 <
1060 139 1126 204 343

108 310 141 365 et
168 306 324 382 plerosque
347 307 448 366 videas
475 308 594 368 fortiter
621 328 712 385 supra
740 328 793 373 sua
821 311 933 368 secreta
960 310 1122 368 morientis.

108 394 245 473 agedum,
269 395 295 455 si
313 396 439 472 videtur,
463 399 622 472 utrumque
643 418 753 472 senum,
777 417 893 456 omnem
912 399 1122 474 condicionem,

109 502 228 543 omnem
246 487 413 544 scrutemur
432 489 570 562 aetatem,
593 488 709 546 nullum
728 488 791 547 sine
810 488 990 546 conscientia
1007 490 1123 563 peotuS,

108 573 194 632 nulla
216 574 281 633 vita
309 575 372 634 sine
399 577 494 635 causis
522 576 649 637 tacendi.
695 576 721 635 si
742 579 772 634 te
797 578 996 652 interrogaret
1023 576 1124 635 omnia

77 661 244 737 amaritus,
276 663 399 723 haberes
431 664 546 740 aliquid
573 668 604 724 et
630 667 664 723 tu
698 665 778 741 quod
809 684 869 724 non
901 665 1046 724 fatereris.
1093 668 1123 725 et

108 752 222 827 quanto
237 752 391 811 silentium
409 756 529 829 gravius
547 756 591 812 est
604 753 636 812 in
651 773 728 827 sene,
746 754 939 812 verecundius
953 754 985 811 in
1003 754 1122 830 marito,

107 842 239 900 sanctius
262 842 293 898 in
315 839 424 916 patre?

174 929 290 988 Pudeat
316 949 383 1005 nos,
410 932 526 1005 mulier,
553 931 744 990 infirmitatis
791 933 864 990 vicit
886 950 939 990 nos
962 932 1050 990 modo
1073 933 1118 990 iu·
1138 931 1156 987 8

106 1019 190 1077 venis
217 1018 268 1077 iile
292 1022 467 1079 constantia.
512 1020 588 1079 mori
611 1021 721 1095 voluit,
749 1024 783 1079 ut
810 1023 982 1079 taceremus.
1028 1020 1120 1095 videa,

60 1128 90 1168 ro
105 1106 223 1181 mulier,
252 1109 358 1183 quibus
380 1109 677 1185 interpretationibus
704 1112 836 1185 praestes
859 1112 945 1168 tuum
968 1107 1120 1168 dolorem?

106 1195 213 1254 diceris
240 1197 307 1256 ideo
334 1217 381 1255 me
408 1199 606 1275 interrogare,
640 1201 711 1274 quia
739 1201 795 1258 scis
819 1199 918 1257 omnia
945 1218 992 1257 me
1020 1199 1119 1273 potius

104 1286 173 1358 pati
199 1286 288 1344 malle
316 1305 405 1361 quam
432 1287 523 1363 loqui.
570 1289 635 1364 quis
664 1289 743 1346 enim
770 1288 802 1345 in
828 1287 885 1346 hac
910 1288 1032 1346 civitate
1059 1306 1119 1346 non

104 1375 191 1432 novit
226 1376 441 1434 taciturnitatis
477 1395 561 1435 meae
596 1374 746 1454 rigorem?
802 1377 867 1451 quis
903 1378 1023 1454 ignorat
1060 1396 1119 1451 qua

105 1465 215 1521 cuncta
238 1464 349 1523 soleam
377 1466 454 1524 ferre
480 1465 649 1541 patientia?
693 1487 731 1526 ne
754 1467 902 1525 occisurus
927 1466 1046 1541 quidem
1071 1485 1118 1525 su-

61 1571 89 1612 re
104 1552 199 1628 spiria
230 1553 415 1630 gemitusque
447 1552 596 1629 praemisi.
641 1555 718 1613 nibil
745 1555 803 1613 feci
834 1555 912 1613 uude
944 1557 1116 1630 erupturum

104 1641 282 1716 quandoque
309 1662 362 1718 per
385 1643 544 1701 orbitatem
571 1645 666 1720 patris
690 1645 823 1702 animum
846 1647 899 1703 aut
927 1647 961 1701 tu
983 1644 1117 1719 praescio

102 1730 210 1788 timore
233 1733 366 1806 sentires,
390 1734 442 1791 aut
459 1733 523 1808 ipse
546 1735 704 1808 periturus.
741 1734 818 1791 hanc
841 1752 919 1791 nuno
936 1752 984 1791 me
1006 1734 1118 1792 iactare

101 1820 314 1879 conscientiam
345 1823 433 1896 putas
462 1821 541 1896 quod
568 1821 645 1880 nihil
671 1822 703 1880 in
730 1821 863 1898 publico,
891 1822 966 1879 nihil
993 1822 1025 1879 in
1054 1822 1117 1880 ullo

101 1908 179 1966 mihi
205 1910 326 1983 permisi
353 1911 536 1985 proclamare
564 1910 732 1971 conventu?
778 1931 831 1988 ego
861 1929 932 1970 vero
962 1929 1022 1969 non
1052 1929 1116 1970 sum

60 2000 224 2072 acquestus
247 1998 283 2056 de
306 1998 411 2058 iuvene
434 2018 487 2058 nec
515 1998 572 2058 tibi
599 2019 652 2059 nec
680 2001 813 2076 captavi,
836 2002 871 2058 ut
893 1999 979 2057 illum
1002 2018 1118 2058 mecum

103 2087 133 2144 et
155 2088 252 2145 mater
275 2088 391 2146 odisset.
429 2089 541 2146 frustra
563 2091 594 2147 te
616 2091 706 2165 putas
729 2092 902 2165 extorquere
928 2089 1116 2147 accusatione

100 2193 188 2250 posse
216 2175 295 2251 quod
322 2178 397 2234 mihi
424 2195 484 2236 non
510 2179 593 2254 ipsae
622 2179 820 2252 calamitates,
848 2197 909 2236 non
936 2177 1029 2250 dolor,
1056 2196 1116 2236 non

100 2263 258 2323 meditatio
277 2264 415 2325 orbitatis
434 2269 585 2342 expressit.
623 2286 691 2326 uras
715 2268 794 2341 licet,
813 2267 935 2340 durate,
958 2266 1115 2341 perferam.

100 2371 205 2427 passus
229 2373 294 2413 sum
316 2356 378 2414 iam
401 2356 569 2430 quoderat
592 2355 754 2415 difficilius:
779 2354 881 2414 occidi.

58 2459 87 2501 ao
169 2436 301 2517 ‘Torsit'‚
323 2443 431 2519 inquit,
451 2439 557 2503 ‘filium
575 2439 695 2503 meum'
731 2444 869 2519 breviter,
893 2443 1013 2518 iudices,
1036 2445 1114 2502 ratio

99 2529 255 2592 reddatur:
282 2532 424 2591 infamem
452 2533 524 2608 quid
551 2535 655 2608 retent,
684 2553 723 2592 an
749 2535 950 2608 innocentem,
978 2534 1004 2591 si
1032 2532 1115 2591 aliud

172 2669 289 2733 leuper
307 2675 349 2729 Py
419 2667 571 2720 morientes
586 2676 652 2731 Meo·
717 2668 776 2721 2εἱ
795 2684 845 2722 om.
861 2677 888 2721 P
958 2669 1115 2720 tsemcte-

99 2751 162 2787 mur
181 2744 213 2788 Β
282 2738 430 2807 tgraviue
449 2755 482 2792 ecc
500 2738 618 2807 gravisis
637 2748 665 2791 Β
737 2742 780 2792 est
799 2756 849 2793 om.
874 2748 895 2791 V
963 2737 1114 2792 8muliere

97 2814 136 2873 Β;
155 2806 315 2862 mulierbris
333 2810 380 2863 aed
397 2816 544 2864 correctam
562 2819 583 2862 V
646 2810 835 2881 infi3rmitatie
858 2820 880 2863 V
948 2810 1113 2862 tconstan-

98 2876 173 2930 ciem
186 2887 214 2930 Β
265 2879 330 2934 vide
348 2890 382 2948 Β,
402 2897 504 2948 ssapr.
524 2892 554 2948 ὸς
574 2880 639 2934 vide
657 2883 698 2936 cel
716 2881 830 2936 videsne
847 2882 906 2937 Sca.
980 2886 1014 2933 10
1033 2881 1113 2949 inpa-

96 2949 267 3004 trationibus
280 2961 315 3018 Β,
334 2951 376 3004 in-
389 2953 430 3006 cel
443 2952 689 3020 impetrationibus
704 2962 830 3020 eVMPo3
849 2951 1112 3021 impetrastionibus

96 3027 130 3087 ες
148 3033 249 3074 corre
312 3028 344 3076 11
370 3023 441 3076 scias
460 3034 513 3077 BV
573 3030 605 3078 12
624 3040 657 3076 ae
680 3033 702 3076 V
760 3030 792 3078 13
811 3025 985 3093 ignorantfl
1047 3023 1113 3090 quic

95 3134 130 3192 Β,
150 3137 238 3193 quae
311 3135 345 3183 14
363 3129 576 3198 pacientiamB
646 3095 760 3184 qnidem
778 3140 806 3183 Β
877 3136 909 3184 15
929 3129 1077 3198 permisis

94 3197 171 3251 unde
190 3215 240 3253 om.
262 3209 283 3251 V
367 3201 488 3255 fecunde
501 3211 529 3254 Β
617 3204 778 3271 erepturum
796 3211 860 3269 ΒΒ,
884 3202 924 3255 cel
948 3203 1113 3270 erupturum

93 3339 171 3391 supr.
190 3344 221 3377 m
277 3330 309 3377 19
333 3325 467 3393 praemisi
489 3335 511 3378 V
566 3290 683 3380 convita
701 3336 740 3394 Β;
760 3327 927 3380 conventum
945 3335 978 3379 Β
1029 3331 1062 3379 21
1082 3326 1111 3386 te

93 3395 333 3476 putasztemptas
353 3406 380 3450 P
431 3413 513 3465 posse
533 3400 587 3451 ext.
607 3413 664 3451 aco.
683 3406 705 3448 V
755 3404 788 3451 22
807 3398 869 3466 ipse
888 3419 906 3449 α
966 3402 999 3450 23
1018 3397 1111 3450 iresV

94 3523 130 3573 24
144 3483 260 3574 ditlilius
277 3530 305 3573 Β
358 3527 391 3574 26
401 3467 553 3576 riualem
604 3520 751 3575 infamem:
767 3521 786 3574 f.
800 3523 832 3575 ia
846 3537 914 3576 corr.
927 3532 955 3575 Β
1007 3521 1111 3574 illud<
