2408 3840
422 136 657 192 DECLAMATIO
676 138 792 192 X1—3.
1049 138 1109 202 191

98 306 250 382 solidique
274 324 364 366 nexus
387 307 426 364 ad
447 309 574 366 mortem
596 308 782 365 reduxerunt.
826 308 973 383 quomodo
995 310 1113 366 tenetur

97 396 208 454 infelix
236 397 289 471 qui
314 415 367 454 nec
394 398 516 472 propter
542 397 598 455 hoc
627 396 745 472 quidem
768 398 863 474 venit,
890 399 924 454 ut
951 394 1113 472 queratur?

97 485 245 545 misereor
271 485 398 543 feminae
421 487 504 544 cuius
531 485 661 544 invidiae
683 488 781 544 totum
808 486 924 544 facinus
948 485 1112 544 ascribitur.

97 575 229 633 maritus
257 573 299 632 sic
320 573 416 632 filium
437 575 571 648 inclusit,
598 576 754 650 tamquam
777 594 806 634 se
829 576 991 650 inquietari
1018 577 1113 633 mater

75 661 161 724 cista
186 664 365 737 quereretur.
410 662 511 739 igitur,
533 663 654 737 iudices,
677 682 762 722 nemo
785 665 918 737 miretur,
942 665 968 721 si
991 664 1029 721 ad
1050 665 1113 721 tam

100 751 264 825 crudelem,
296 751 335 809 ad
365 753 428 810 tam
464 754 609 810 immitem
644 755 760 828 patrem
795 753 900 811 umbra
931 771 991 811 non
1023 754 1112 810 venit.

100 839 225 914 sciebat,
246 838 300 898 ubi
321 841 467 916 lacrimas,
490 841 542 899 ubi
563 844 663 917 posset
685 843 818 900 invenire
838 842 993 919 singultus,
1018 861 1034 898 a
1054 859 1113 915 quo

101 930 199 1006 magis
228 928 419 988 desideratur.
465 949 592 1005 namque
619 932 672 990 isti
698 930 825 989 ferreum
852 933 954 1006 pectus
982 932 1012 988 et
1040 929 1113 987 dura

100 1017 278 1094 praecordia
300 1037 353 1077 neo
376 1021 445 1077 sunt
469 1019 504 1077 de
527 1019 654 1077 orbitate
678 1038 786 1079 sensus.

61 1128 88 1169 ro
171 1105 250 1175 Quid
272 1108 351 1165 enim
373 1107 562 1167 inhumanius
584 1111 683 1184 patre,
711 1107 783 1184 quid
809 1109 937 1166 inveniri
964 1105 1149 1166 amomon-a

100 1197 165 1255 tius
193 1194 313 1271 potest?
356 1197 466 1254 invidit
492 1199 595 1270 matri,
623 1216 659 1255 ne
688 1197 750 1256 filio
778 1197 932 1255 frueretur.
978 1215 1031 1255 nec
1058 1197 1114 1255 hoo

100 1284 171 1343 ideo
195 1285 274 1359 fecit,
297 1287 368 1361 quia
389 1284 489 1344 videre
511 1287 574 1361 ipse
597 1286 740 1344 malebat:
763 1305 800 1344 ne
822 1288 973 1345 viventem
995 1286 1114 1361 quidem

102 1373 201 1433 adhuc
229 1375 259 1432 et
285 1375 462 1432 ineolumem
490 1377 553 1434 tam
580 1374 690 1433 blanda
720 1377 842 1449 tamque
870 1375 970 1433 debita
1001 1376 1113 1449 pietate

102 1461 346 1539 prosequebatur,
373 1466 407 1521 ut
429 1463 568 1522 defuncto
596 1466 765 1523 servaturus
793 1463 931 1522 affectum
954 1465 1045 1522 etiam
1070 1481 1113 1521 se-

62 1573 88 1614 ro
101 1552 184 1628 pulti
210 1554 296 1627 pater
323 1552 480 1610 videretur.
525 1555 610 1611 tanto
638 1555 733 1629 magis
762 1552 853 1611 effusa
880 1555 976 1610 mater
999 1556 1028 1610 et
1053 1554 1113 1612 suis

102 1659 138 1700 ac
166 1642 299 1717 paternis
326 1642 440 1700 vicibus
470 1659 630 1701 occurrens.
677 1644 749 1700 haec
775 1640 916 1717 pallidior
945 1641 982 1699 ad
1009 1643 1114 1715 metus,

103 1729 143 1789 ad
166 1731 238 1788 vota
260 1732 390 1806 pronior,
413 1750 473 1789 non
496 1729 598 1790 diebus
621 1749 814 1804 securamen
832 1730 976 1789 noctibus.
1014 1732 1043 1787 et
1061 1730 1112 1788 ille

102 1821 195 1878 miser
212 1819 412 1896 intellegebat,
435 1821 496 1878 utri
513 1822 679 1896 promptior
698 1838 732 1876 ex
754 1819 926 1895 parentibus
946 1822 975 1877 et
997 1819 1114 1877 facilior

103 1909 183 1968 esset
205 1907 334 1968 affectus.
379 1910 481 1984 itaque
505 1909 542 1967 ab
565 1910 652 1968 huius
676 1909 791 1984 osculis,
817 1908 854 1966 ab
876 1910 964 1967 huius
987 1908 1114 1967 feminae

62 2018 90 2059 ro
103 1998 219 2056 cervice
245 1996 399 2072 pendebat.
446 2000 476 2055 et
503 1999 574 2074 quia
602 1998 725 2075 longum
753 1999 798 2057 est
824 1997 922 2056 officia
951 1999 1114 2072 praeterita

103 2086 224 2145 debitae
250 2086 371 2160 pietatis
395 2087 522 2163 agitare,
549 2087 602 2145 illo
625 2087 690 2162 ipso
712 2087 855 2164 languore
878 2105 937 2161 quo
964 2085 1043 2144 filius
1067 2104 1112 2143 oa·

103 2175 216 2234 ducum
237 2174 313 2231 illud
331 2177 361 2233 et
383 2175 490 2252 fragile
508 2193 613 2251 corpus
633 2177 741 2250 amisit,
766 2194 855 2251 quam
875 2175 989 2250 perdite
1008 2174 1115 2232 mulier

104 2266 135 2322 et
157 2282 251 2337 usque
278 2265 311 2321 in
334 2264 498 2339 exemplum
520 2263 608 2322 modo
631 2284 718 2339 super
740 2283 793 2323 ora
819 2264 959 2339 pallentis
981 2263 1114 2322 infelices

101 2351 257 2411 lacerabat
284 2353 396 2426 oculos,
429 2372 506 2411 nunc
534 2355 643 2412 siccata
672 2353 784 2412 frustra
810 2353 903 2410 ubera
931 2351 1114 2427 querebatur,

64 2462 89 2504 ro
104 2459 185 2499 nunc
209 2443 396 2516 superstitem
420 2440 560 2500 caedebat
581 2443 711 2500 uterum!
752 2441 876 2500 notabat
898 2441 969 2499 haec
991 2441 1043 2499 ille
1066 2441 1114 2498 de-

105 2528 207 2589 ficiens
230 2529 448 2605 mandabatque
470 2530 561 2588 morti
583 2550 653 2590 suae
676 2533 724 2589 cui
745 2532 863 2606 periret.
901 2530 953 2587 ubi
976 2533 1044 2590 sunt
1063 2531 1115 2604 qui

107 2620 166 2677 cito
198 2619 301 2677 iubent
333 2623 411 2678 stare
443 2618 602 2679 lacrimas?
635 2620 742 2695 quibus
773 2639 833 2677 non
864 2620 962 2694 placet
993 2621 1115 2696 longum

107 2726 193 2786 agere
216 2706 398 2767 maerorem?
443 2710 547 2767 retulit
569 2708 674 2766 umbra
697 2711 827 2786 gratiam
849 2711 947 2766 matri.
993 2710 1062 2781 scio,
1085 2709 1115 2765 et

178 2847 194 2895 8
218 2842 253 2908 cf.
273 2843 311 2896 ad
329 2846 405 2909 6,19
425 2845 640 2914 (12o9.128,23)

104 2938 320 2946 ——-——

178 2971 249 3020 lae
267 2977 331 3020 VPo·
400 2966 513 3035 quidem
531 2985 580 3022 om.
596 2976 617 3019 V
698 2975 762 3021 4se
777 2973 840 3021 aute
853 2966 1045 3029 materculae

105 3038 197 3092 tinto
212 3038 267 3092 Bu.
327 3041 476 3107 quaeretur
491 3048 525 3106 B,
543 3054 573 3092 re
591 3050 698 3108 sapae
761 3055 842 3092 nemo
860 3038 988 3091 miretur:
1007 3052 1043 3090 ne
1056 3052 1115 3087 mo-

104 3111 255 3164 rereturB
307 3110 345 3164 ad
362 3112 422 3164 tam
440 3110 592 3165 crudelem:
614 3110 702 3164 altam
721 3111 796 3164 crud.
812 3119 849 3174 M,
868 3125 935 3163 corr.
950 3129 982 3160 m
1032 3106 1115 3159 'lubi

104 3181 195 3251 igitur
213 3180 351 3250 lacrymas
369 3191 394 3235 J
463 3187 479 3234 8
499 3182 704 3235 desideraretur
722 3203 740 3233 α
759 3183 843 3250 (etur
861 3183 892 3234 iu
910 3197 964 3234 ras.
980 3181 1006 3247 o)
1027 3190 1047 3230 o

106 3259 138 3306 11
159 3253 215 3322 ne}
232 3254 258 3321 (c
275 3256 323 3323 er.)
337 3262 370 3306 ,11
446 3253 554 3306 fruetur
572 3262 609 3318 Μ,
628 3254 635 3284 ³
654 3270 728 3321 sarpa
743 3274 775 3304 m
858 3252 1046 3318 hocsapr.13

106 3330 139 3378 12
163 3340 216 3378 nec
235 3333 268 3377 Μ
337 3329 370 3378 13
394 3326 422 3377 et
444 3323 610 3377 incolumem
633 3341 683 3378 om.
701 3333 733 3376 Μ
800 3323 908 3391 pietate
930 3324 1045 3388 tamque
1068 3319 1115 3372 de-

104 3395 202 3459 bitas
275 3401 308 3449 14
327 3395 549 3464 consequebatur
566 3405 590 3446 J
652 3400 684 3447 16
704 3411 748 3448 ac:
769 3397 851 3458 aute
904 3395 1008 3446 metus:
1027 3407 1072 3444 ma
1091 3400 1118 3443 P

107 3472 141 3521 18
159 3466 203 3520 oti
221 3476 260 3533 ¹¹3
278 3469 342 3520 uter
360 3475 401 3534 113
420 3467 485 3530 ute
558 3471 590 3518 19
609 3465 704 3519 huius:
724 3466 817 3528 eiusa
889 3463 988 3517 oculis:
1009 3472 1048 3527 a!

106 3542 141 3591 2³
160 3537 348 3592 infelicium
393 3543 426 3590 27
445 3553 528 3606 agere
541 3536 687 3610 longuma
732 3542 768 3594 ‘28
788 3536 931 3611 gratiose
968 3533 1076 3588 matris
1090 3540 1135 3582 no
