<?xml version="1.0" encoding="UTF-8"?>
<!DOCTYPE html PUBLIC "-//W3C//DTD XHTML 1.0 Transitional//EN"
    "http://www.w3.org/TR/xhtml1/DTD/xhtml1-transitional.dtd">
<html xmlns="http://www.w3.org/1999/xhtml" xml:lang="en" lang="en">
 <head>
  <title>
</title>
<meta http-equiv="Content-Type" content="text/html;charset=utf-8" />
  <meta name='ocr-system' content='tesseract 3.04.00' />
  <meta name='ocr-capabilities' content='ocr_page ocr_carea ocr_par ocr_line ocrx_word'/>
</head>
<body>
  <div class='ocr_page' id='page_1' title='image "./qvintilianiqvae01quingoog_0202.png"; bbox 0 0 2408 3840; ppageno 0'>
   <div class='ocr_carea' id='block_1_1' title="bbox 350 121 1085 186">
    <p class='ocr_par' dir='ltr' id='par_1_1' title="bbox 350 121 1085 186">
     <span class='ocr_line' id='line_1_1' title="bbox 350 121 1085 186; baseline 0.001 -10"><span class='ocrx_word' id='word_1_1' title='bbox 350 121 583 177; x_wconf 78' lang='lat' dir='ltr'>DEGLAMATIO</span> <span class='ocrx_word' id='word_1_2' title='bbox 603 122 667 176; x_wconf 91' lang='lat' dir='ltr'>VIII</span> <span class='ocrx_word' id='word_1_3' title='bbox 681 129 714 176; x_wconf 91' lang='grc'><strong>22</strong></span> <span class='ocrx_word' id='word_1_4' title='bbox 733 122 771 176; x_wconf 89' lang='lat' dir='ltr'><strong>IX</strong></span> <span class='ocrx_word' id='word_1_5' title='bbox 787 129 809 176; x_wconf 94' lang='lat'><strong>1.</strong></span> <span class='ocrx_word' id='word_1_6' title='bbox 1023 121 1085 186; x_wconf 78' lang='grc'><strong>167</strong></span> 
     </span>
    </p>
   </div>
   <div class='ocr_carea' id='block_1_2' title="bbox 436 395 719 629">
    <p class='ocr_par' dir='ltr' id='par_1_2' title="bbox 436 395 719 629">
     <span class='ocr_line' id='line_1_2' title="bbox 549 395 609 469; baseline 0.017 -2"><span class='ocrx_word' id='word_1_7' title='bbox 549 395 609 469; x_wconf 83' lang='lat' dir='ltr'><strong>IX.</strong></span> 
     </span>
     <span class='ocr_line' id='line_1_3' title="bbox 436 555 719 629; baseline -0.004 -1"><span class='ocrx_word' id='word_1_8' title='bbox 436 555 719 629; x_wconf 80' lang='lat' dir='ltr'>GLADIATOR.</span> 
     </span>
    </p>
   </div>
   <div class='ocr_carea' id='block_1_3' title="bbox 40 753 1082 1634">
    <p class='ocr_par' dir='ltr' id='par_1_3' title="bbox 68 753 1082 904">
     <span class='ocr_line' id='line_1_4' title="bbox 68 753 1082 830; baseline 0 -16"><span class='ocrx_word' id='word_1_9' title='bbox 68 754 234 814; x_wconf 78' lang='lat' dir='ltr'><strong>Annroaun</strong></span> <span class='ocrx_word' id='word_1_10' title='bbox 258 773 297 812; x_wconf 83' lang='lat' dir='ltr'><strong>nr</strong></span> <span class='ocrx_word' id='word_1_11' title='bbox 324 771 483 813; x_wconf 77' lang='lat' dir='ltr'><strong>anovsann</strong></span> <span class='ocrx_word' id='word_1_12' title='bbox 505 771 625 812; x_wconf 76' lang='lat' dir='ltr'><strong>monum</strong></span> <span class='ocrx_word' id='word_1_13' title='bbox 671 753 814 830; x_wconf 79' lang='lat' dir='ltr'>Pauperis</span> <span class='ocrx_word' id='word_1_14' title='bbox 842 757 872 813; x_wconf 92' lang='lat' dir='ltr'><strong>et</strong></span> <span class='ocrx_word' id='word_1_15' title='bbox 895 755 997 815; x_wconf 84' lang='lat' dir='ltr'><strong>divitis</strong></span> <span class='ocrx_word' id='word_1_16' title='bbox 1024 758 1082 814; x_wconf 89' lang='lat' dir='ltr'><strong>ini·</strong></span> 
     </span>
     <span class='ocr_line' id='line_1_5' title="bbox 111 843 1082 904; baseline 0.001 -1"><span class='ocrx_word' id='word_1_17' title='bbox 111 846 260 903; x_wconf 79' lang='lat' dir='ltr'><strong>micorum</strong></span> <span class='ocrx_word' id='word_1_18' title='bbox 286 843 343 902; x_wconf 88' lang='lat' dir='ltr'><strong>filii</strong></span> <span class='ocrx_word' id='word_1_19' title='bbox 368 845 489 903; x_wconf 88' lang='lat' dir='ltr'><strong>iuvenes</strong></span> <span class='ocrx_word' id='word_1_20' title='bbox 517 845 607 902; x_wconf 87' lang='lat' dir='ltr'><strong>amioi</strong></span> <span class='ocrx_word' id='word_1_21' title='bbox 636 846 728 903; x_wconf 90' lang='lat' dir='ltr'><strong>erant.</strong></span> <span class='ocrx_word' id='word_1_22' title='bbox 774 843 853 904; x_wconf 86' lang='lat' dir='ltr'><strong>filius</strong></span> <span class='ocrx_word' id='word_1_23' title='bbox 882 844 984 903; x_wconf 80' lang='lat' dir='ltr'><strong>divitis</strong></span> <span class='ocrx_word' id='word_1_24' title='bbox 1015 864 1082 904; x_wconf 86' lang='lat' dir='ltr'><strong>eum</strong></span> 
     </span>
    </p>

    <p class='ocr_par' dir='ltr' id='par_1_4' title="bbox 40 932 1081 1188">
     <span class='ocr_line' id='line_1_6' title="bbox 40 932 1080 1010; baseline -0.004 -13"><span class='ocrx_word' id='word_1_25' title='bbox 40 956 54 997; x_wconf 77' lang='lat' dir='ltr'><strong>e</strong></span> <span class='ocrx_word' id='word_1_26' title='bbox 111 935 146 991; x_wconf 91' lang='lat' dir='ltr'><strong>in</strong></span> <span class='ocrx_word' id='word_1_27' title='bbox 167 934 284 1010; x_wconf 82' lang='lat' dir='ltr'><strong>piratas</strong></span> <span class='ocrx_word' id='word_1_28' title='bbox 306 932 466 1006; x_wconf 79' lang='lat' dir='ltr'><strong>incidisset,</strong></span> <span class='ocrx_word' id='word_1_29' title='bbox 490 935 609 1008; x_wconf 73' lang='lat' dir='ltr'><strong>scripsit</strong></span> <span class='ocrx_word' id='word_1_30' title='bbox 626 934 708 1007; x_wconf 86' lang='lat' dir='ltr'><strong>patri</strong></span> <span class='ocrx_word' id='word_1_31' title='bbox 726 933 762 991; x_wconf 88' lang='lat' dir='ltr'><strong>de</strong></span> <span class='ocrx_word' id='word_1_32' title='bbox 780 933 990 1008; x_wconf 73' lang='lat' dir='ltr'><strong>redemptione.</strong></span> <span class='ocrx_word' id='word_1_33' title='bbox 1027 935 1080 993; x_wconf 89' lang='lat' dir='ltr'><strong>illo</strong></span> 
     </span>
     <span class='ocr_line' id='line_1_7' title="bbox 111 1021 1081 1099; baseline 0.002 -19"><span class='ocrx_word' id='word_1_34' title='bbox 111 1025 251 1082; x_wconf 79' lang='lat' dir='ltr'><strong>morante</strong></span> <span class='ocrx_word' id='word_1_35' title='bbox 281 1023 431 1098; x_wconf 80' lang='lat' dir='ltr'><strong>profectus</strong></span> <span class='ocrx_word' id='word_1_36' title='bbox 458 1023 597 1097; x_wconf 89' lang='lat' dir='ltr'><strong>pauperis</strong></span> <span class='ocrx_word' id='word_1_37' title='bbox 624 1021 716 1096; x_wconf 84' lang='lat' dir='ltr'><strong>filius,</strong></span> <span class='ocrx_word' id='word_1_38' title='bbox 749 1041 815 1081; x_wconf 88' lang='lat' dir='ltr'><strong>eum</strong></span> <span class='ocrx_word' id='word_1_39' title='bbox 843 1024 972 1082; x_wconf 89' lang='lat' dir='ltr'><strong>amioum</strong></span> <span class='ocrx_word' id='word_1_40' title='bbox 1002 1025 1081 1099; x_wconf 87' lang='lat' dir='ltr'><strong>apud</strong></span> 
     </span>
     <span class='ocr_line' id='line_1_8' title="bbox 111 1111 1081 1188; baseline 0.002 -18"><span class='ocrx_word' id='word_1_41' title='bbox 111 1113 228 1188; x_wconf 83' lang='lat' dir='ltr'><strong>piratas</strong></span> <span class='ocrx_word' id='word_1_42' title='bbox 251 1130 310 1170; x_wconf 92' lang='lat' dir='ltr'><strong>non</strong></span> <span class='ocrx_word' id='word_1_43' title='bbox 333 1113 507 1185; x_wconf 87' lang='lat' dir='ltr'><strong>invenisset,</strong></span> <span class='ocrx_word' id='word_1_44' title='bbox 532 1113 603 1185; x_wconf 90' lang='lat' dir='ltr'><strong>quia</strong></span> <span class='ocrx_word' id='word_1_45' title='bbox 624 1111 751 1171; x_wconf 86' lang='lat' dir='ltr'><strong>lanistae</strong></span> <span class='ocrx_word' id='word_1_46' title='bbox 775 1113 922 1186; x_wconf 78' lang='lat' dir='ltr'><strong>venierat,</strong></span> <span class='ocrx_word' id='word_1_47' title='bbox 944 1115 1081 1188; x_wconf 87' lang='lat' dir='ltr'><strong>pervenit</strong></span> 
     </span>
    </p>

    <p class='ocr_par' dir='ltr' id='par_1_5' title="bbox 111 1201 1080 1545">
     <span class='ocr_line' id='line_1_9' title="bbox 111 1201 1079 1278; baseline 0.002 -19"><span class='ocrx_word' id='word_1_48' title='bbox 111 1202 144 1258; x_wconf 87' lang='lat' dir='ltr'><strong>iu</strong></span> <span class='ocrx_word' id='word_1_49' title='bbox 163 1202 327 1274; x_wconf 80' lang='lat' dir='ltr'><strong>civitatem,</strong></span> <span class='ocrx_word' id='word_1_50' title='bbox 344 1202 451 1276; x_wconf 89' lang='lat' dir='ltr'><strong>inqua</strong></span> <span class='ocrx_word' id='word_1_51' title='bbox 464 1219 570 1259; x_wconf 93' lang='lat' dir='ltr'><strong>munus</strong></span> <span class='ocrx_word' id='word_1_52' title='bbox 584 1201 756 1275; x_wconf 83' lang='lat' dir='ltr'><strong>parabatur,</strong></span> <span class='ocrx_word' id='word_1_53' title='bbox 774 1201 828 1260; x_wconf 88' lang='lat' dir='ltr'><strong>sub</strong></span> <span class='ocrx_word' id='word_1_54' title='bbox 847 1204 964 1277; x_wconf 89' lang='lat' dir='ltr'><strong>tempus</strong></span> <span class='ocrx_word' id='word_1_55' title='bbox 982 1204 1079 1278; x_wconf 91' lang='lat' dir='ltr'><strong>ipsum</strong></span> 
     </span>
     <span class='ocr_line' id='line_1_10' title="bbox 111 1288 1079 1367; baseline 0.003 -20"><span class='ocrx_word' id='word_1_56' title='bbox 111 1309 170 1365; x_wconf 93' lang='lat' dir='ltr'><strong>quo</strong></span> <span class='ocrx_word' id='word_1_57' title='bbox 194 1291 381 1367; x_wconf 82' lang='lat' dir='ltr'><strong>pugnaturus</strong></span> <span class='ocrx_word' id='word_1_58' title='bbox 404 1290 468 1347; x_wconf 89' lang='lat' dir='ltr'><strong>erat</strong></span> <span class='ocrx_word' id='word_1_59' title='bbox 491 1289 593 1348; x_wconf 83' lang='lat' dir='ltr'><strong>divitis</strong></span> <span class='ocrx_word' id='word_1_60' title='bbox 615 1288 702 1348; x_wconf 88' lang='lat' dir='ltr'><strong>filius.</strong></span> <span class='ocrx_word' id='word_1_61' title='bbox 739 1292 844 1364; x_wconf 89' lang='lat' dir='ltr'><strong>paetus</strong></span> <span class='ocrx_word' id='word_1_62' title='bbox 863 1294 993 1349; x_wconf 85' lang='lat' dir='ltr'><strong>osteum</strong></span> <span class='ocrx_word' id='word_1_63' title='bbox 1016 1312 1079 1350; x_wconf 94' lang='lat' dir='ltr'><strong>mu·</strong></span> 
     </span>
     <span class='ocr_line' id='line_1_11' title="bbox 111 1378 1080 1455; baseline 0.003 -19"><span class='ocrx_word' id='word_1_64' title='bbox 111 1381 231 1437; x_wconf 88' lang='lat' dir='ltr'><strong>nerario</strong></span> <span class='ocrx_word' id='word_1_65' title='bbox 253 1397 368 1454; x_wconf 79' lang='lat' dir='ltr'><strong>pauper</strong></span> <span class='ocrx_word' id='word_1_66' title='bbox 390 1378 571 1452; x_wconf 78' lang='lat' dir='ltr'><strong>adolescens,</strong></span> <span class='ocrx_word' id='word_1_67' title='bbox 599 1380 633 1436; x_wconf 84' lang='lat' dir='ltr'><strong>ut</strong></span> <span class='ocrx_word' id='word_1_68' title='bbox 655 1380 775 1438; x_wconf 82' lang='lat' dir='ltr'><strong>vicariis</strong></span> <span class='ocrx_word' id='word_1_69' title='bbox 799 1381 896 1455; x_wconf 89' lang='lat' dir='ltr'><strong>operis</strong></span> <span class='ocrx_word' id='word_1_70' title='bbox 921 1380 1080 1439; x_wconf 74' lang='lat' dir='ltr'><strong>redimeret</strong></span> 
     </span>
     <span class='ocr_line' id='line_1_12' title="bbox 111 1466 1079 1545; baseline 0.003 -19"><span class='ocrx_word' id='word_1_71' title='bbox 111 1469 251 1541; x_wconf 85' lang='lat' dir='ltr'><strong>amioum,</strong></span> <span class='ocrx_word' id='word_1_72' title='bbox 272 1469 421 1543; x_wconf 89' lang='lat' dir='ltr'><strong>petitque,</strong></span> <span class='ocrx_word' id='word_1_73' title='bbox 442 1470 490 1540; x_wconf 87' lang='lat' dir='ltr'><strong>ut,</strong></span> <span class='ocrx_word' id='word_1_74' title='bbox 513 1469 539 1526; x_wconf 88' lang='lat' dir='ltr'><strong>si</strong></span> <span class='ocrx_word' id='word_1_75' title='bbox 562 1469 662 1545; x_wconf 85' lang='lat' dir='ltr'><strong>egeret</strong></span> <span class='ocrx_word' id='word_1_76' title='bbox 683 1487 797 1543; x_wconf 86' lang='lat' dir='ltr'><strong>pauper</strong></span> <span class='ocrx_word' id='word_1_77' title='bbox 818 1466 913 1543; x_wconf 82' lang='lat' dir='ltr'><strong>pater,</strong></span> <span class='ocrx_word' id='word_1_78' title='bbox 937 1470 1079 1530; x_wconf 86' lang='lat' dir='ltr'><strong>alimenta</strong></span> 
     </span>
    </p>

    <p class='ocr_par' dir='ltr' id='par_1_6' title="bbox 110 1557 1077 1634">
     <span class='ocr_line' id='line_1_13' title="bbox 110 1557 1077 1634; baseline 0.004 -20"><span class='ocrx_word' id='word_1_79' title='bbox 110 1557 139 1614; x_wconf 89' lang='lat' dir='ltr'><strong>ei</strong></span> <span class='ocrx_word' id='word_1_80' title='bbox 161 1559 335 1632; x_wconf 77' lang='lat' dir='ltr'><strong>praestaret.</strong></span> <span class='ocrx_word' id='word_1_81' title='bbox 380 1558 444 1632; x_wconf 88' lang='lat' dir='ltr'><strong>ipse</strong></span> <span class='ocrx_word' id='word_1_82' title='bbox 466 1557 499 1613; x_wconf 92' lang='lat' dir='ltr'><strong>in</strong></span> <span class='ocrx_word' id='word_1_83' title='bbox 521 1576 623 1634; x_wconf 86' lang='lat' dir='ltr'><strong>pugna</strong></span> <span class='ocrx_word' id='word_1_84' title='bbox 646 1558 757 1617; x_wconf 87' lang='lat' dir='ltr'><strong>oooisus</strong></span> <span class='ocrx_word' id='word_1_85' title='bbox 781 1560 834 1617; x_wconf 89' lang='lat' dir='ltr'><strong>est.</strong></span> <span class='ocrx_word' id='word_1_86' title='bbox 874 1558 976 1618; x_wconf 78' lang='lat' dir='ltr'><strong>diuitis</strong></span> <span class='ocrx_word' id='word_1_87' title='bbox 998 1558 1077 1618; x_wconf 88' lang='lat' dir='ltr'><strong>filius</strong></span> 
     </span>
    </p>
   </div>
   <div class='ocr_carea' id='block_1_4' title="bbox 109 1646 1179 1794">
    <p class='ocr_par' dir='ltr' id='par_1_7' title="bbox 109 1646 1179 1794">
     <span class='ocr_line' id='line_1_14' title="bbox 109 1646 1179 1723; baseline 0.001 -20"><span class='ocrx_word' id='word_1_88' title='bbox 109 1664 246 1705; x_wconf 85' lang='lat' dir='ltr'><strong>reversus</strong></span> <span class='ocrx_word' id='word_1_89' title='bbox 264 1646 399 1723; x_wconf 82' lang='lat' dir='ltr'><strong>egentem</strong></span> <span class='ocrx_word' id='word_1_90' title='bbox 416 1647 532 1704; x_wconf 86' lang='lat' dir='ltr'><strong>invenit</strong></span> <span class='ocrx_word' id='word_1_91' title='bbox 549 1664 717 1721; x_wconf 87' lang='lat' dir='ltr'><strong>pauperem.</strong></span> <span class='ocrx_word' id='word_1_92' title='bbox 754 1647 855 1721; x_wconf 89' lang='lat' dir='ltr'><strong>palam</strong></span> <span class='ocrx_word' id='word_1_93' title='bbox 874 1649 972 1723; x_wconf 86' lang='lat' dir='ltr'><strong>eoepit</strong></span> <span class='ocrx_word' id='word_1_94' title='bbox 990 1649 1076 1707; x_wconf 89' lang='lat' dir='ltr'><strong>alere.</strong></span> <span class='ocrx_word' id='word_1_95' title='bbox 1177 1700 1179 1704; x_wconf 13' lang='grc' dir='ltr'><em>Α</em></span> 
     </span>
     <span class='ocr_line' id='line_1_15' title="bbox 110 1734 275 1794; baseline 0 -1"><span class='ocrx_word' id='word_1_96' title='bbox 110 1734 275 1794; x_wconf 81' lang='lat' dir='ltr'><strong>abdicatur.</strong></span> 
     </span>
    </p>
   </div>
   <div class='ocr_carea' id='block_1_5' title="bbox 23 1929 1133 2638">
    <p class='ocr_par' dir='ltr' id='par_1_8' title="bbox 24 1929 1133 2363">
     <span class='ocr_line' id='line_1_16' title="bbox 24 1929 1109 2005; baseline 0.005 -19"><span class='ocrx_word' id='word_1_97' title='bbox 24 1953 49 1993; x_wconf 75' lang='lat'><strong>15</strong></span> <span class='ocrx_word' id='word_1_98' title='bbox 131 1929 289 1988; x_wconf 86' lang='lat' dir='ltr'><strong>Neminem</strong></span> <span class='ocrx_word' id='word_1_99' title='bbox 316 1949 460 2005; x_wconf 83' lang='lat' dir='ltr'><strong>unquam,</strong></span> <span class='ocrx_word' id='word_1_100' title='bbox 491 1931 616 2004; x_wconf 83' lang='lat' dir='ltr'><strong>iudices,</strong></span> <span class='ocrx_word' id='word_1_101' title='bbox 644 1932 724 1989; x_wconf 90' lang='lat' dir='ltr'><strong>intra</strong></span> <span class='ocrx_word' id='word_1_102' title='bbox 751 1933 815 1990; x_wconf 88' lang='lat' dir='ltr'><strong>tam</strong></span> <span class='ocrx_word' id='word_1_103' title='bbox 845 1933 934 1991; x_wconf 88' lang='lat' dir='ltr'><strong>breve</strong></span> <span class='ocrx_word' id='word_1_104' title='bbox 966 1935 1109 1993; x_wconf 88' lang='lat' dir='ltr'><strong>aetatisl</strong></span> 
     </span>
     <span class='ocr_line' id='line_1_17' title="bbox 63 2019 1075 2097; baseline 0.003 -19"><span class='ocrx_word' id='word_1_105' title='bbox 63 2036 135 2078; x_wconf 85' lang='lat' dir='ltr'><strong>suae</strong></span> <span class='ocrx_word' id='word_1_106' title='bbox 159 2020 291 2094; x_wconf 88' lang='lat' dir='ltr'><strong>spatium</strong></span> <span class='ocrx_word' id='word_1_107' title='bbox 317 2019 405 2094; x_wconf 89' lang='lat' dir='ltr'><strong>plura</strong></span> <span class='ocrx_word' id='word_1_108' title='bbox 427 2021 508 2078; x_wconf 89' lang='lat' dir='ltr'><strong>terra</strong></span> <span class='ocrx_word' id='word_1_109' title='bbox 531 2021 665 2094; x_wconf 87' lang='lat' dir='ltr'><strong>marique</strong></span> <span class='ocrx_word' id='word_1_110' title='bbox 692 2040 863 2095; x_wconf 83' lang='lat' dir='ltr'><strong>perpessum</strong></span> <span class='ocrx_word' id='word_1_111' title='bbox 887 2041 977 2097; x_wconf 91' lang='lat' dir='ltr'><strong>quam</strong></span> <span class='ocrx_word' id='word_1_112' title='bbox 1000 2042 1075 2097; x_wconf 85' lang='lat' dir='ltr'><strong>quae</strong></span> 
     </span>
     <span class='ocr_line' id='line_1_18' title="bbox 62 2108 1074 2186; baseline 0.005 -21"><span class='ocrx_word' id='word_1_113' title='bbox 62 2108 201 2183; x_wconf 87' lang='lat' dir='ltr'><strong>proxima</strong></span> <span class='ocrx_word' id='word_1_114' title='bbox 228 2110 466 2186; x_wconf 83' lang='lat' dir='ltr'><strong>peregrinatione</strong></span> <span class='ocrx_word' id='word_1_115' title='bbox 494 2109 542 2167; x_wconf 86' lang='lat' dir='ltr'><strong>vel</strong></span> <span class='ocrx_word' id='word_1_116' title='bbox 573 2109 632 2167; x_wconf 89' lang='lat' dir='ltr'><strong>tuli</strong></span> <span class='ocrx_word' id='word_1_117' title='bbox 658 2109 706 2166; x_wconf 90' lang='lat' dir='ltr'><strong>vel</strong></span> <span class='ocrx_word' id='word_1_118' title='bbox 736 2111 826 2168; x_wconf 87' lang='lat' dir='ltr'><strong>timui</strong></span> <span class='ocrx_word' id='word_1_119' title='bbox 853 2111 900 2169; x_wconf 89' lang='lat' dir='ltr'><strong>vel</strong></span> <span class='ocrx_word' id='word_1_120' title='bbox 928 2111 1003 2185; x_wconf 85' lang='lat' dir='ltr'><strong>vidi,</strong></span> <span class='ocrx_word' id='word_1_121' title='bbox 1031 2112 1074 2170; x_wconf 83' lang='lat' dir='ltr'><strong>fa·</strong></span> 
     </span>
     <span class='ocr_line' id='line_1_19' title="bbox 61 2197 1075 2274; baseline 0.004 -18"><span class='ocrx_word' id='word_1_122' title='bbox 61 2197 139 2269; x_wconf 81' lang='lat' dir='ltr'><strong>eilia,</strong></span> <span class='ocrx_word' id='word_1_123' title='bbox 163 2199 198 2255; x_wconf 89' lang='lat' dir='ltr'><strong>ut</strong></span> <span class='ocrx_word' id='word_1_124' title='bbox 219 2199 333 2273; x_wconf 86' lang='lat' dir='ltr'><strong>opinor,</strong></span> <span class='ocrx_word' id='word_1_125' title='bbox 355 2197 427 2256; x_wconf 84' lang='lat' dir='ltr'><strong>fides</strong></span> <span class='ocrx_word' id='word_1_126' title='bbox 450 2200 503 2272; x_wconf 75' lang='lat' dir='ltr'><strong>est,</strong></span> <span class='ocrx_word' id='word_1_127' title='bbox 527 2216 594 2256; x_wconf 84' lang='lat' dir='ltr'><strong>oum</strong></span> <span class='ocrx_word' id='word_1_128' title='bbox 616 2217 651 2256; x_wconf 82' lang='lat' dir='ltr'><strong>ex</strong></span> <span class='ocrx_word' id='word_1_129' title='bbox 674 2199 810 2258; x_wconf 87' lang='lat' dir='ltr'><strong>omnibus</strong></span> <span class='ocrx_word' id='word_1_130' title='bbox 833 2219 906 2274; x_wconf 89' lang='lat' dir='ltr'><strong>quos</strong></span> <span class='ocrx_word' id='word_1_131' title='bbox 930 2201 1075 2274; x_wconf 79' lang='lat' dir='ltr'><strong>novimuS,</strong></span> 
     </span>
     <span class='ocr_line' id='line_1_20' title="bbox 61 2285 1133 2363; baseline 0.003 -19"><span class='ocrx_word' id='word_1_132' title='bbox 61 2285 241 2345; x_wconf 82' lang='lat' dir='ltr'><strong>mortalibus</strong></span> <span class='ocrx_word' id='word_1_133' title='bbox 273 2305 349 2345; x_wconf 88' lang='lat' dir='ltr'><strong>unus</strong></span> <span class='ocrx_word' id='word_1_134' title='bbox 380 2288 530 2345; x_wconf 90' lang='lat' dir='ltr'><strong>nominari</strong></span> <span class='ocrx_word' id='word_1_135' title='bbox 556 2307 603 2345; x_wconf 91' lang='lat' dir='ltr'><strong>me</strong></span> <span class='ocrx_word' id='word_1_136' title='bbox 630 2288 767 2346; x_wconf 90' lang='lat' dir='ltr'><strong>miserior</strong></span> <span class='ocrx_word' id='word_1_137' title='bbox 793 2290 888 2363; x_wconf 88' lang='lat' dir='ltr'><strong>possit</strong></span> <span class='ocrx_word' id='word_1_138' title='bbox 915 2307 1000 2362; x_wconf 88' lang='lat' dir='ltr'><strong>quem</strong></span> <span class='ocrx_word' id='word_1_139' title='bbox 1029 2291 1074 2347; x_wconf 87' lang='lat' dir='ltr'><strong>in·</strong></span> <span class='ocrx_word' id='word_1_140' title='bbox 1130 2330 1133 2335; x_wconf 89' lang='lat'><em>-</em></span> 
     </span>
    </p>

    <p class='ocr_par' dir='ltr' id='par_1_9' title="bbox 23 2375 1074 2638">
     <span class='ocr_line' id='line_1_21' title="bbox 23 2375 1074 2456; baseline 0.002 -20"><span class='ocrx_word' id='word_1_141' title='bbox 23 2375 182 2436; x_wconf 79' lang='lat' dir='ltr'><strong>arfolioem</strong></span> <span class='ocrx_word' id='word_1_142' title='bbox 214 2393 267 2452; x_wconf 82' lang='lat' dir='ltr'><strong>ego</strong></span> <span class='ocrx_word' id='word_1_143' title='bbox 297 2376 362 2434; x_wconf 82' lang='lat' dir='ltr'><strong>feei.</strong></span> <span class='ocrx_word' id='word_1_144' title='bbox 407 2378 509 2434; x_wconf 88' lang='lat' dir='ltr'><strong>tamen</strong></span> <span class='ocrx_word' id='word_1_145' title='bbox 535 2377 567 2432; x_wconf 91' lang='lat' dir='ltr'><strong>in</strong></span> <span class='ocrx_word' id='word_1_146' title='bbox 596 2377 653 2435; x_wconf 83' lang='lat' dir='ltr'><strong>hae</strong></span> <span class='ocrx_word' id='word_1_147' title='bbox 682 2395 799 2452; x_wconf 92' lang='lat' dir='ltr'><strong>quoque</strong></span> <span class='ocrx_word' id='word_1_148' title='bbox 829 2378 930 2435; x_wconf 89' lang='lat' dir='ltr'><strong>omnia</strong></span> <span class='ocrx_word' id='word_1_149' title='bbox 959 2381 1074 2456; x_wconf 82' lang='lat' dir='ltr'><strong>excogi-</strong></span> 
     </span>
     <span class='ocr_line' id='line_1_22' title="bbox 59 2464 1074 2541; baseline 0.005 -19"><span class='ocrx_word' id='word_1_150' title='bbox 59 2465 158 2522; x_wconf 82' lang='lat' dir='ltr'><strong>tantis</strong></span> <span class='ocrx_word' id='word_1_151' title='bbox 184 2464 217 2530; x_wconf 80' lang='lat' dir='ltr'><strong>in</strong></span> <span class='ocrx_word' id='word_1_152' title='bbox 243 2483 290 2522; x_wconf 92' lang='lat' dir='ltr'><strong>me</strong></span> <span class='ocrx_word' id='word_1_153' title='bbox 317 2464 455 2523; x_wconf 87' lang='lat' dir='ltr'><strong>fortunae</strong></span> <span class='ocrx_word' id='word_1_154' title='bbox 478 2465 622 2523; x_wconf 83' lang='lat' dir='ltr'><strong>violentia</strong></span> <span class='ocrx_word' id='word_1_155' title='bbox 649 2465 791 2524; x_wconf 87' lang='lat' dir='ltr'><strong>eonfiteor</strong></span> <span class='ocrx_word' id='word_1_156' title='bbox 817 2486 969 2541; x_wconf 90' lang='lat' dir='ltr'><strong>nunquam</strong></span> <span class='ocrx_word' id='word_1_157' title='bbox 996 2468 1074 2528; x_wconf 86' lang='lat' dir='ltr'><strong>huno</strong></span> 
     </span>
     <span class='ocr_line' id='line_1_23' title="bbox 60 2554 1073 2638; baseline 0.006 -28"><span class='ocrx_word' id='word_1_158' title='bbox 60 2571 110 2610; x_wconf 92' lang='lat' dir='ltr'><strong>me</strong></span> <span class='ocrx_word' id='word_1_159' title='bbox 124 2554 291 2628; x_wconf 86' lang='lat' dir='ltr'><strong>oonoepisse</strong></span> <span class='ocrx_word' id='word_1_160' title='bbox 305 2555 404 2611; x_wconf 89' lang='lat' dir='ltr'><strong>animo</strong></span> <span class='ocrx_word' id='word_1_161' title='bbox 419 2556 540 2638; x_wconf 86' lang='lat' dir='ltr'><strong>metum,</strong></span> <span class='ocrx_word' id='word_1_162' title='bbox 558 2573 595 2612; x_wconf 92' lang='lat' dir='ltr'><strong>ne</strong></span> <span class='ocrx_word' id='word_1_163' title='bbox 608 2556 677 2630; x_wconf 90' lang='lat' dir='ltr'><strong>post</strong></span> <span class='ocrx_word' id='word_1_164' title='bbox 690 2555 875 2631; x_wconf 88' lang='lat' dir='ltr'><strong>redemptum</strong></span> <span class='ocrx_word' id='word_1_165' title='bbox 893 2575 947 2631; x_wconf 89' lang='lat' dir='ltr'><strong>per</strong></span> <span class='ocrx_word' id='word_1_166' title='bbox 961 2557 1073 2618; x_wconf 89' lang='lat' dir='ltr'><strong>alienas</strong></span> 
     </span>
    </p>
   </div>
   <div class='ocr_carea' id='block_1_6' title="bbox 46 2721 1075 3077">
    <p class='ocr_par' dir='ltr' id='par_1_10' title="bbox 59 2721 1073 2863">
     <span class='ocr_line' id='line_1_24' title="bbox 60 2721 1073 2796; baseline 0.003 -19"><span class='ocrx_word' id='word_1_167' title='bbox 60 2724 171 2790; x_wconf 77' lang='lat' dir='ltr'><strong>(omisso</strong></span> <span class='ocrx_word' id='word_1_168' title='bbox 193 2721 344 2792; x_wconf 83' lang='lat' dir='ltr'><strong>gladiator)</strong></span> <span class='ocrx_word' id='word_1_169' title='bbox 417 2722 540 2790; x_wconf 80' lang='lat' dir='ltr'><strong>Explicit</strong></span> <span class='ocrx_word' id='word_1_170' title='bbox 562 2723 668 2793; x_wconf 83' lang='lat' dir='ltr'><strong>gemini</strong></span> <span class='ocrx_word' id='word_1_171' title='bbox 685 2723 859 2792; x_wconf 82' lang='lat' dir='ltr'><strong>languentes.</strong></span> <span class='ocrx_word' id='word_1_172' title='bbox 888 2725 989 2794; x_wconf 83' lang='lat' dir='ltr'><strong>incipit</strong></span> <span class='ocrx_word' id='word_1_173' title='bbox 1007 2742 1073 2796; x_wconf 84' lang='lat' dir='ltr'><strong>eger</strong></span> 
     </span>
     <span class='ocr_line' id='line_1_25' title="bbox 59 2792 882 2863; baseline 0.001 -17"><span class='ocrx_word' id='word_1_174' title='bbox 59 2792 234 2847; x_wconf 74' lang='lat' dir='ltr'><strong>redimentur</strong></span> <span class='ocrx_word' id='word_1_175' title='bbox 252 2796 339 2848; x_wconf 76' lang='lat' dir='ltr'><strong>miar&#39;o</strong></span> <span class='ocrx_word' id='word_1_176' title='bbox 353 2796 431 2863; x_wconf 73' lang='lat' dir='ltr'><strong>piata</strong></span> <span class='ocrx_word' id='word_1_177' title='bbox 449 2803 476 2846; x_wconf 85' lang='grc' dir='ltr'><strong><em>Ρ</em></strong></span> <span class='ocrx_word' id='word_1_178' title='bbox 544 2795 706 2863; x_wconf 70' lang='lat' dir='ltr'><strong>sabemptio</strong></span> <span class='ocrx_word' id='word_1_179' title='bbox 724 2796 796 2850; x_wconf 82' lang='lat' dir='ltr'><strong>deest</strong></span> <span class='ocrx_word' id='word_1_180' title='bbox 812 2796 844 2848; x_wconf 76' lang='lat' dir='ltr'><strong>iri</strong></span> <span class='ocrx_word' id='word_1_181' title='bbox 862 2805 882 2847; x_wconf 84' lang='lat' dir='ltr'><strong>s</strong></span> 
     </span>
    </p>

    <p class='ocr_par' dir='ltr' id='par_1_11' title="bbox 46 2860 1075 3077">
     <span class='ocr_line' id='line_1_26' title="bbox 133 2860 1001 2935; baseline 0.005 -18"><span class='ocrx_word' id='word_1_182' title='bbox 133 2869 150 2917; x_wconf 93' lang='grc'>2</span> <span class='ocrx_word' id='word_1_183' title='bbox 173 2860 360 2919; x_wconf 78' lang='lat' dir='ltr'><strong>Gladiators</strong></span> <span class='ocrx_word' id='word_1_184' title='bbox 449 2870 464 2916; x_wconf 87' lang='grc'>3</span> <span class='ocrx_word' id='word_1_185' title='bbox 484 2871 548 2934; x_wconf 82' lang='lat' dir='ltr'><strong>post</strong></span> <span class='ocrx_word' id='word_1_186' title='bbox 569 2865 655 2919; x_wconf 85' lang='lat' dir='ltr'><strong>liceat</strong></span> <span class='ocrx_word' id='word_1_187' title='bbox 677 2867 880 2935; x_wconf 81' lang='lat' dir='ltr'><strong>Argumentum</strong></span> <span class='ocrx_word' id='word_1_188' title='bbox 903 2868 1001 2932; x_wconf 45' lang='lat' dir='ltr'><strong>adda</strong></span> 
     </span>
     <span class='ocr_line' id='line_1_27' title="bbox 59 2935 1075 3006; baseline 0.004 -18"><span class='ocrx_word' id='word_1_189' title='bbox 59 2935 228 3005; x_wconf 57' lang='lat' dir='ltr'><strong>linguonas</strong></span> <span class='ocrx_word' id='word_1_190' title='bbox 247 2945 269 2988; x_wconf 77' lang='lat' dir='ltr'><strong><em>V</em></strong></span> <span class='ocrx_word' id='word_1_191' title='bbox 318 2935 488 2989; x_wconf 82' lang='lat' dir='ltr'><strong>dives-filius</strong></span> <span class='ocrx_word' id='word_1_192' title='bbox 501 2946 526 2990; x_wconf 76' lang='lat' dir='ltr'><em>J</em></span> <span class='ocrx_word' id='word_1_193' title='bbox 577 2942 593 2990; x_wconf 89' lang='lat'>8</span> <span class='ocrx_word' id='word_1_194' title='bbox 612 2954 684 2989; x_wconf 90' lang='lat' dir='ltr'><strong>unus</strong></span> <span class='ocrx_word' id='word_1_195' title='bbox 698 2946 732 3002; x_wconf 75' lang='grc' dir='ltr'><strong>Β,</strong></span> <span class='ocrx_word' id='word_1_196' title='bbox 751 2955 779 2989; x_wconf 93' lang='lat' dir='ltr'><strong>m</strong></span> <span class='ocrx_word' id='word_1_197' title='bbox 796 2938 1075 3006; x_wconf 63' lang='lat' dir='ltr'><strong>saw3minus11</strong></span> 
     </span>
     <span class='ocr_line' id='line_1_28' title="bbox 46 3006 1071 3077; baseline 0.007 -21"><span class='ocrx_word' id='word_1_198' title='bbox 46 3013 94 3061; x_wconf 87' lang='lat'><strong>.11</strong></span> <span class='ocrx_word' id='word_1_199' title='bbox 118 3006 259 3076; x_wconf 82' lang='lat' dir='ltr'><strong>petiitque</strong></span> <span class='ocrx_word' id='word_1_200' title='bbox 278 3019 299 3060; x_wconf 77' lang='lat' dir='ltr'><strong>o</strong></span> <span class='ocrx_word' id='word_1_201' title='bbox 368 3012 400 3059; x_wconf 89' lang='grc'><strong>12</strong></span> <span class='ocrx_word' id='word_1_202' title='bbox 424 3008 470 3077; x_wconf 65' lang='lat' dir='ltr'><strong>ei}</strong></span> <span class='ocrx_word' id='word_1_203' title='bbox 486 3017 514 3061; x_wconf 76' lang='lat' dir='ltr'>fl</span> <span class='ocrx_word' id='word_1_204' title='bbox 581 3013 615 3060; x_wconf 81' lang='grc'><strong>14</strong></span> <span class='ocrx_word' id='word_1_205' title='bbox 635 3013 700 3076; x_wconf 82' lang='lat' dir='ltr'><strong>post</strong></span> <span class='ocrx_word' id='word_1_206' title='bbox 717 3007 865 3061; x_wconf 85' lang='lat' dir='ltr'><strong>abdioatur</strong></span> <span class='ocrx_word' id='word_1_207' title='bbox 883 3010 947 3062; x_wconf 82' lang='lat' dir='ltr'><strong><em>add.</em></strong></span> <span class='ocrx_word' id='word_1_208' title='bbox 963 3019 994 3062; x_wconf 78' lang='grc' dir='ltr'><em>Μ</em></span> <span class='ocrx_word' id='word_1_209' title='bbox 1010 3010 1071 3063; x_wconf 86' lang='lat' dir='ltr'><strong>EX-</strong></span> 
     </span>
    </p>
   </div>
   <div class='ocr_carea' id='block_1_7' title="bbox 59 3080 1071 3169">
    <p class='ocr_par' dir='ltr' id='par_1_12' title="bbox 59 3080 1071 3169">
     <span class='ocr_line' id='line_1_29' title="bbox 59 3080 1071 3169; baseline 0.005 -21"><span class='ocrx_word' id='word_1_210' title='bbox 59 3080 140 3150; x_wconf 76' lang='lat' dir='ltr'><strong>rmo</strong></span> <span class='ocrx_word' id='word_1_211' title='bbox 158 3085 234 3150; x_wconf 68' lang='lat' dir='ltr'><strong>uas</strong></span> <span class='ocrx_word' id='word_1_212' title='bbox 251 3083 348 3150; x_wconf 68' lang='lat' dir='ltr'><strong>mcii</strong></span> <span class='ocrx_word' id='word_1_213' title='bbox 367 3095 573 3151; x_wconf 80' lang='lat' dir='ltr'><strong>onsnnuou</strong></span> <span class='ocrx_word' id='word_1_214' title='bbox 591 3098 676 3150; x_wconf 67' lang='lat' dir='ltr'><strong>manu</strong></span> <span class='ocrx_word' id='word_1_215' title='bbox 691 3098 782 3166; x_wconf 74' lang='lat' dir='ltr'><strong>pua,</strong></span> <span class='ocrx_word' id='word_1_216' title='bbox 800 3099 831 3151; x_wconf 73' lang='lat' dir='ltr'><strong>a</strong></span> <span class='ocrx_word' id='word_1_217' title='bbox 849 3115 934 3169; x_wconf 61' lang='lat' dir='ltr'><strong>mara</strong></span> <span class='ocrx_word' id='word_1_218' title='bbox 954 3097 1071 3153; x_wconf 77' lang='lat' dir='ltr'><strong>osvsu</strong></span> 
     </span>
    </p>
   </div>
   <div class='ocr_carea' id='block_1_8' title="bbox 59 3181 1070 3574">
    <p class='ocr_par' dir='ltr' id='par_1_13' title="bbox 59 3181 755 3291">
     <span class='ocr_line' id='line_1_30' title="bbox 59 3181 755 3291; baseline 0.003 -18"><span class='ocrx_word' id='word_1_219' title='bbox 59 3181 86 3273; x_wconf 60' lang='lat' dir='ltr'>I</span> <span class='ocrx_word' id='word_1_220' title='bbox 104 3221 268 3290; x_wconf 79' lang='lat' dir='ltr'><strong>(miniator);</strong></span> <span class='ocrx_word' id='word_1_221' title='bbox 286 3219 389 3274; x_wconf 77' lang='lat' dir='ltr'><strong>Divitis</strong></span> <span class='ocrx_word' id='word_1_222' title='bbox 407 3220 480 3274; x_wconf 82' lang='lat' dir='ltr'><strong>filius</strong></span> <span class='ocrx_word' id='word_1_223' title='bbox 500 3221 560 3291; x_wconf 81' lang='lat' dir='ltr'><strong>agit</strong></span> <span class='ocrx_word' id='word_1_224' title='bbox 578 3235 593 3285; x_wconf 73' lang='lat' dir='ltr'><strong>s</strong></span> <span class='ocrx_word' id='word_1_225' title='bbox 611 3223 707 3291; x_wconf 73' lang='lat' dir='ltr'><strong>(mimo</strong></span> <span class='ocrx_word' id='word_1_226' title='bbox 722 3223 755 3290; x_wconf 80' lang='grc' dir='ltr'><strong>Ρ)</strong></span> 
     </span>
    </p>

    <p class='ocr_par' dir='ltr' id='par_1_14' title="bbox 59 3292 1070 3574">
     <span class='ocr_line' id='line_1_31' title="bbox 133 3292 1070 3361; baseline 0.002 -16"><span class='ocrx_word' id='word_1_227' title='bbox 133 3296 166 3346; x_wconf 76' lang='grc'><strong>16</strong></span> <span class='ocrx_word' id='word_1_228' title='bbox 185 3292 339 3346; x_wconf 89' lang='lat' dir='ltr'><strong>neminium</strong></span> <span class='ocrx_word' id='word_1_229' title='bbox 357 3301 395 3359; x_wconf 71' lang='lat'><strong>113</strong></span> <span class='ocrx_word' id='word_1_230' title='bbox 414 3309 495 3346; x_wconf 88' lang='lat' dir='ltr'><strong>nemo</strong></span> <span class='ocrx_word' id='word_1_231' title='bbox 514 3302 546 3345; x_wconf 75' lang='grc' dir='ltr'><em>Μ</em></span> <span class='ocrx_word' id='word_1_232' title='bbox 627 3310 752 3361; x_wconf 86' lang='lat' dir='ltr'><strong>unquam</strong></span> <span class='ocrx_word' id='word_1_233' title='bbox 773 3311 823 3348; x_wconf 82' lang='lat' dir='ltr'><strong>om.</strong></span> <span class='ocrx_word' id='word_1_234' title='bbox 838 3302 866 3346; x_wconf 76' lang='lat' dir='ltr'>fl</span> <span class='ocrx_word' id='word_1_235' title='bbox 949 3294 999 3346; x_wconf 88' lang='lat' dir='ltr'><strong>iud</strong></span> <span class='ocrx_word' id='word_1_236' title='bbox 1018 3312 1070 3347; x_wconf 90' lang='lat' dir='ltr'><strong>un·</strong></span> 
     </span>
     <span class='ocr_line' id='line_1_32' title="bbox 59 3363 1068 3432; baseline 0.004 -17"><span class='ocrx_word' id='word_1_237' title='bbox 59 3378 145 3430; x_wconf 89' lang='lat' dir='ltr'><strong>quam</strong></span> <span class='ocrx_word' id='word_1_238' title='bbox 164 3375 186 3416; x_wconf 81' lang='lat' dir='ltr'><strong>o</strong></span> <span class='ocrx_word' id='word_1_239' title='bbox 242 3368 274 3416; x_wconf 88' lang='grc'><strong>16</strong></span> <span class='ocrx_word' id='word_1_240' title='bbox 292 3364 435 3432; x_wconf 86' lang='lat' dir='ltr'><strong>marisque</strong></span> <span class='ocrx_word' id='word_1_241' title='bbox 452 3379 599 3432; x_wconf 86' lang='lat' dir='ltr'><strong>perpessus</strong></span> <span class='ocrx_word' id='word_1_242' title='bbox 618 3373 651 3416; x_wconf 78' lang='grc' dir='ltr'><em>Μ</em></span> <span class='ocrx_word' id='word_1_243' title='bbox 709 3371 741 3418; x_wconf 85' lang='grc'><strong>19</strong></span> <span class='ocrx_word' id='word_1_244' title='bbox 760 3363 926 3419; x_wconf 87' lang='lat' dir='ltr'><strong>mortalibus</strong></span> <span class='ocrx_word' id='word_1_245' title='bbox 944 3381 979 3419; x_wconf 90' lang='lat' dir='ltr'><strong>ne</strong></span> <span class='ocrx_word' id='word_1_246' title='bbox 997 3382 1068 3419; x_wconf 86' lang='lat' dir='ltr'><strong>unus</strong></span> 
     </span>
     <span class='ocr_line' id='line_1_33' title="bbox 59 3435 1070 3558; baseline 0.002 -71"><span class='ocrx_word' id='word_1_247' title='bbox 59 3442 153 3558; x_wconf 57' lang='lat' dir='ltr'><strong>&#39;&#39;lm</strong></span> <span class='ocrx_word' id='word_1_248' title='bbox 172 3451 199 3488; x_wconf 90' lang='lat' dir='ltr'><strong>u.</strong></span> <span class='ocrx_word' id='word_1_249' title='bbox 217 3455 250 3487; x_wconf 75' lang='lat' dir='ltr'><strong>n·</strong></span> <span class='ocrx_word' id='word_1_250' title='bbox 322 3441 355 3488; x_wconf 89' lang='grc'><strong>22</strong></span> <span class='ocrx_word' id='word_1_251' title='bbox 375 3435 467 3489; x_wconf 90' lang='lat' dir='ltr'><strong>animo</strong></span> <span class='ocrx_word' id='word_1_252' title='bbox 486 3451 547 3489; x_wconf 92' lang='lat' dir='ltr'><strong>meo</strong></span> <span class='ocrx_word' id='word_1_253' title='bbox 566 3437 672 3489; x_wconf 90' lang='lat' dir='ltr'><strong>metum</strong></span> <span class='ocrx_word' id='word_1_254' title='bbox 689 3446 714 3490; x_wconf 77' lang='lat' dir='ltr'><em>J</em></span> <span class='ocrx_word' id='word_1_255' title='bbox 774 3453 881 3490; x_wconf 85' lang='lat' dir='ltr'><strong>meeum</strong></span> <span class='ocrx_word' id='word_1_256' title='bbox 901 3446 928 3489; x_wconf 80' lang='grc' dir='ltr'><em>Ρ</em></span> <span class='ocrx_word' id='word_1_257' title='bbox 986 3439 1070 3508; x_wconf 61' lang='lat' dir='ltr'><strong>post}</strong></span> 
     </span>
     <span class='ocr_line' id='line_1_34' title="bbox 59 3506 260 3574; baseline 0 -16"><span class='ocrx_word' id='word_1_258' title='bbox 59 3506 86 3574; x_wconf 86' lang='lat'><strong>(1</strong></span> <span class='ocrx_word' id='word_1_259' title='bbox 116 3508 156 3559; x_wconf 74' lang='lat' dir='ltr'><strong>itt.</strong></span> <span class='ocrx_word' id='word_1_260' title='bbox 172 3507 220 3573; x_wconf 84' lang='lat' dir='ltr'><strong>er.)</strong></span> <span class='ocrx_word' id='word_1_261' title='bbox 239 3515 260 3558; x_wconf 77' lang='lat' dir='ltr'><strong><em>V</em></strong></span> 
     </span>
    </p>
   </div>
   <div class='ocr_carea' id='block_1_9' title="bbox 0 0 1208 3840">
    <p class='ocr_par' dir='ltr' id='par_1_15' title="bbox 0 0 1208 3840">
     <span class='ocr_line' id='line_1_35' title="bbox 0 0 1208 3840; baseline 0 2"><span class='ocrx_word' id='word_1_262' title='bbox 0 0 1208 3840; x_wconf 95' lang='lat' dir='ltr'><strong> </strong></span> 
     </span>
    </p>
   </div>
  </div>
 </body>
</html>
