2408 3840
406 122 641 178 DEOLAMATIO
660 123 724 177 11111
738 130 815 177 2-4.
1055 123 1120 187 339

104 293 171 367 illo,
195 293 299 368 fateor,
323 292 393 351 dum
416 312 462 352 me
481 294 582 352 variae
606 294 801 370 cogitationes
823 312 877 368 per
899 292 992 352 totius
1016 292 1120 351 domus

105 383 208 459 spatia
231 383 443 459 circumagunt,
468 386 614 457 quantum
635 382 806 459 intellegere
829 382 928 456 licuit,
951 383 1119 457 inprovisus

105 471 223 530 adveni.
270 474 300 529 ct
326 471 378 530 ille
406 472 525 547 quidem
557 471 596 528 ad
623 473 811 547 conspectum
840 490 939 529 meum
965 474 1117 546 tamquam
1162 530 1163 534 ,

105 560 306 636 deprehensus
329 559 474 636 obstipuit
496 561 667 638 refugitque
690 560 837 636 trepidus,
860 562 947 636 puto,
969 578 1006 617 ne
1031 578 1119 635 quae·

76 669 204 712 srerem
231 668 359 709 causam.
404 651 542 725 inrumpo
569 650 757 723 festinanter,
786 648 885 724 avide,
913 648 976 707 sine
1003 642 1119 724 liberto,

105 741 172 799 sine
193 739 319 816 servulo,
343 738 420 797 siout
437 759 483 796 mc
503 738 735 814 deprehenderat
753 740 895 813 temporis
913 737 995 795 illius
1014 738 1119 811 fatum,

105 826 258 901 manibus,
285 827 393 887 ictibus
421 830 451 886 et
480 846 670 902 quaecunque
700 847 735 886 ex
762 827 856 886 obviis
884 827 968 885 dolor
989 828 1022 884 in
1045 827 1118 885 telo·

104 937 174 975 rum
206 916 400 976 transtulerat
431 935 514 991 usuS,
546 916 627 975 ultra
653 915 731 976 vires
759 917 918 975 senectutis
947 915 1118 992 adgressus:

104 1004 191 1083 ignes
210 1025 245 1064 ex
262 1006 396 1082 proximo
414 1008 526 1081 raptos
544 1004 666 1064 verbera
686 1023 761 1081 quae
780 1023 864 1065 casus
884 1005 1041 1080 obtulerat,
1059 1024 1118 1063 non

60 1116 92 1157 ro
105 1093 203 1154 diviso
219 1094 327 1168 dolore,
343 1115 403 1154 non
416 1113 470 1171 per
482 1096 583 1170 partes
597 1113 651 1154 nec
664 1115 717 1171 per
730 1094 889 1153 intervalla
904 1111 1053 1170 suspenso,
1067 1093 1118 1154 sed

105 1184 211 1257 semel,
235 1183 286 1243 sed
308 1183 421 1258 pariter
442 1183 559 1243 invado.
605 1203 674 1259 pars
698 1185 803 1242 secreti
824 1184 892 1258 fuit,
915 1185 949 1241 ut
971 1184 1034 1258 ipse
1056 1185 1117 1241 tor·

104 1291 235 1349 quorem.
281 1273 324 1331 dii
345 1272 530 1331 inmortales!
559 1291 634 1349 quac
658 1274 857 1346 contumacia,
881 1292 956 1347 quac
979 1273 1040 1331 fuit
1061 1269 1154 1330 illa4

103 1361 265 1438 patientia,
298 1379 364 1421 oum
392 1361 472 1420 domi
498 1364 687 1438 torqueretur
714 1381 732 1419 a
758 1364 857 1437 patre,
889 1381 948 1420 non
979 1363 1117 1420 invocare

103 1447 252 1510 matrem?
297 1469 356 1508 non
384 1452 563 1528 repugnavit
589 1451 718 1524 iuvenis,
749 1470 809 1510 non
837 1452 976 1527 opposuit
1002 1469 1116 1526 manus,

62 1559 90 1601 15
104 1540 224 1598 nullum
256 1540 420 1616 inploravit
451 1539 602 1598 auxilium.
648 1540 751 1598 mersis
788 1543 904 1597 tantum
938 1541 1117 1615 deiectisque

103 1628 280 1703 luminibus,
307 1631 461 1703 tamquam
488 1648 630 1703 umquam
659 1629 778 1706 flagella
806 1631 1008 1704 sustinuisset,
1040 1633 1115 1687 tam-

104 1737 195 1794 quam
218 1718 292 1776 meis
314 1720 502 1792 torqueretur
525 1718 630 1792 oculis,
659 1737 759 1777 omnes
781 1719 858 1777 ictus
882 1720 996 1793 excepit
1018 1720 1050 1776 in
1072 1720 1116 1776 fa-

72 1841 80 1877 ,
104 1808 193 1866 ciem:
216 1806 395 1881 verberibus,
413 1806 531 1884 ignibus
550 1807 687 1866 laudatos
706 1807 815 1882 vultus,
831 1807 913 1866 velut
930 1807 991 1866 illis
1009 1809 1116 1866 irasce-

102 1898 199 1969 retur,
232 1896 378 1971 opposuit.
422 1895 513 1954 reddo
540 1896 744 1955 testimonium
775 1897 969 1955 novissimum
1000 1896 1116 1971 pudori,

62 2005 90 2047 so
104 2004 173 2043 cum
195 1986 256 2042 iam
279 1986 355 2044 mori
377 1985 481 2058 vellet,
504 1987 616 2044 occisus
641 1987 692 2044 est.
738 1985 835 2060 laudo,
858 1985 977 2060 iudices,
1000 1985 1116 2060 patien-

102 2075 180 2133 tiam
201 2074 316 2148 matris,
341 2092 408 2132 oum
430 2077 460 2132 et
481 2076 549 2148 ipsa
572 2093 687 2150 semper
708 2075 871 2149 plurimum
890 2076 966 2134 esset
985 2073 1065 2131 domi
1086 2078 1116 2133 et

102 2163 142 2221 ab
160 2163 214 2221 illo
233 2164 344 2221 secreto
363 2163 489 2222 fortasse
508 2182 567 2222 non
584 2164 681 2240 longe,
703 2164 883 2222 intervenire
901 2163 1006 2237 noluit,
1024 2163 1115 2221 inter-

101 2252 215 2329 pellare
239 2270 298 2309 non
322 2270 395 2311 ausa
417 2254 469 2311 est.
506 2252 606 2311 sedet
627 2252 763 2310 manibus
786 2253 859 2311 meis
882 2252 1017 2329 gratulor
1037 2251 1115 2327 quod

102 2360 163 2399 non
190 2342 374 2417 propinquus
403 2341 524 2416 aliquis,
552 2360 611 2399 non
636 2343 747 2400 amicus
774 2341 897 2417 inrupit.
944 2341 1115 2400 occidissem

59 2449 88 2491 25
104 2431 239 2506 quisquis
262 2449 309 2488 mc
331 2433 403 2489 tunc
427 2448 515 2489 ausus
543 2430 648 2489 fuisset
670 2430 854 2507 interrogare
878 2449 932 2506 pro
955 2430 1025 2489 filio.
1071 2448 1114 2489 se·

101 2519 195 2595 peliri
221 2522 323 2578 tamen
349 2520 448 2579 lacera
470 2520 617 2594 membra,
644 2520 733 2578 funus
756 2520 880 2592 indulsi,
909 2537 975 2579 ossa
998 2519 1113 2597 collegi.

102 2626 162 2667 non
185 2607 288 2667 iniecit
305 2628 379 2667 uxor
401 2609 511 2667 lectulo
529 2627 659 2683 manum,
682 2627 742 2668 non
759 2611 839 2667 inter
857 2610 995 2683 exequias
1013 2609 1113 2684 planc-

174 2819 188 2865 1
208 2812 258 2866 illo
278 2813 297 2879 d
314 2823 343 2880 νς
362 2813 437 2867 illa?
456 2824 497 2880 Β,
516 2813 566 2867 illo
584 2836 616 2866 m
688 2814 811 2868 cotiones
829 2823 849 2865 V
918 2820 933 2867 2
953 2814 1046 2883 spatia
1065 2813 1113 2868 do-

100 2937 163 2974 mus
180 2930 213 2974 Β
277 2902 366 2988 qudtd
384 2931 412 2974 Β
469 2920 620 2974 3advenit
637 2931 670 2975 Β
726 2920 908 2989 4obstupuit
927 2933 963 2984 co
1017 2921 1112 2975 tsine

100 3009 151 3046 om.
171 3001 192 3044 v
259 2990 367 3045 sactum
383 3002 452 3059 ΒΒ,
472 2993 598 3046 edetis
677 2994 862 3063 9{quseu1
941 2992 1068 3046 nodivisc
1086 3002 1114 3045 Β

100 3067 135 3116 10
153 3065 249 3131 partes
268 3080 301 3117 ea
318 3064 413 3131 patres
431 3073 459 3116 Β
517 3080 574 3117 non
591 3079 642 3132 per
659 3063 808 3117 intervalla
826 3073 859 3117 Β
910 3080 1057 3132 suspensos
1076 3085 1111 3131 ως

98 3181 201 3225 eorm
255 3175 287 3223 11
303 3185 380 3238 pars:
395 3185 446 3238 per
463 3179 493 3237 V,
506 3179 587 3235 pars
643 3176 675 3223 13
691 3152 789 3225 0de
841 3170 1001 3223 dominator
1014 3186 1110 3240 quere·

97 3297 146 3348 tur
163 3303 185 3346 V
234 3295 411 3362 torqueretur
423 3304 457 3360 B,
473 3310 503 3348 re
516 3305 619 3363 supro
674 3300 707 3348 16
726 3311 870 3363 nunquam
884 3304 916 3347 Β
966 3244 1111 3362 tamqrielm

99 3364 141 3420 eis
159 3375 181 3418 V
237 3370 268 3419 17
289 3365 378 3420 omnis
391 3375 444 3419 BV
499 3370 531 3419 18
550 3366 607 3419 illis
626 3367 725 3421 inrue.
741 3376 773 3420 Μ
829 3370 862 3419 20
880 3368 939 3419 tam
958 3388 993 3433 ως
1011 3377 1111 3421 corcus

98 3443 133 3490 21
158 3452 193 3490 ex
211 3439 332 3504 1,eto
421 3453 530 3506 semper
552 3455 603 3492 om.
620 3447 648 3491 Ρ
735 3443 768 3491 25
791 3453 836 3490 me
854 3453 953 3506 rogare
972 3447 1013 3503 Β,
1037 3437 1111 3491 inter

95 3525 221 3583 de

909 3597 963 3650 aa*
