2408 3840
409 95 643 190 ononnnmro
662 135 708 189 rx.
1001 135 1066 201 369

430 357 480 416 IX.
504 355 695 417 Gnanmroa.

120 479 334 558 Argumentum
356 500 382 541 o.
396 501 429 556 p.
450 485 523 551 167,
543 485 572 541 3.

120 570 204 630 Inter
224 573 272 631 tot
289 571 421 646 pericula
441 589 590 647 perpesse,
614 591 631 631 o
653 571 774 645 iudices,
797 573 894 632 certus
915 571 1070 631 credebam

53 679 126 734 esse,
150 660 231 736 quod
252 664 322 736 post
343 661 529 736 redemptum
551 681 606 736 per
628 661 739 720 alienas
765 680 870 721 manus
892 660 988 719 filium
1010 681 1070 720 non

27 749 225 825 adispliceret
251 750 332 824 petri
358 768 424 808 meo
451 749 666 823 misericordia,
692 750 789 809 solnm
820 752 921 809 antem
947 750 1071 809 verebar

53 840 117 897 iam
139 857 199 897 non
221 839 330 898 tacitas
353 839 438 916 vulgi
464 840 617 914 opiniones
642 838 748 914 quibus
772 839 957 898 crudelitatis
981 841 1070 915 atque

54 927 199 988 saevitiae
228 945 296 986 rens
325 946 461 1005 pereger.
509 928 590 1003 apud
618 928 711 988 bonos
741 931 771 986 et
801 947 905 1007 graves
934 947 1071 987 excusare

54 1036 116 1075 non
138 1034 271 1092 possum,
300 1017 373 1092 quin
395 1016 564 1092 redemptus
588 1019 652 1076 sim.
694 1016 823 1076 obicitur
848 1017 922 1075 mihi
950 1017 1071 1076 orbatus

56 1124 145 1164 senex
168 1107 229 1181 qui,
253 1123 320 1164 cnm
343 1105 465 1165 haberet
486 1105 595 1181 filium,
618 1108 722 1164 contre
745 1106 869 1165 divitem
892 1105 992 1166 stabat
1018 1125 1073 1165 nec

16 1223 41 1262 ιο
55 1195 179 1254 orbatus
202 1196 232 1253 et
254 1196 287 1253 in
305 1213 363 1253 nno
382 1195 489 1254 iuvene
507 1195 592 1254 bonis
615 1194 751 1254 omnibns
769 1196 927 1270 penatibus
948 1195 1073 1270 supplex

55 1286 103 1343 est
123 1285 261 1343 inimicae
285 1284 396 1343 domus.
437 1285 504 1359 plus
527 1302 597 1360 ergo
620 1283 677 1342 sibi
695 1286 848 1343 nocuimus
872 1284 961 1343 amici
983 1303 1074 1360 qnam

56 1373 186 1447 inimici,
215 1390 396 1449 quamquam
423 1375 454 1432 et
483 1374 542 1433 sibi
569 1374 648 1432 bona
678 1373 777 1432 omnia
808 1393 883 1450 qnae
913 1392 1073 1449 possemne,

56 1462 229 1520 faceremus.
271 1461 350 1537 quod
383 1463 462 1521 enim
492 1461 666 1521 beneficium
698 1466 743 1521 est
771 1462 899 1538 efficere,
926 1466 961 1522 ut
989 1465 1075 1521 vivat

56 1551 155 1610 orbus.
196 1569 274 1609 nuno
304 1553 404 1609 antem
431 1570 499 1609 eum
528 1551 587 1610 nisi
615 1553 783 1611 sustentare
810 1571 870 1611 non
897 1552 974 1612 licet.
1028 1552 1075 1610 dic

18 1667 43 1707 15
55 1641 144 1716 pater
165 1639 310 1714 numquid
334 1659 394 1714 me,
421 1639 517 1698 filium
539 1643 629 1699 tunm
656 1640 708 1716 qui
735 1659 888 1716 nunqnam
914 1643 1018 1700 eontra
1044 1644 1075 1699 te

56 1729 190 1805 peccavi,
220 1728 363 1787 redimere
391 1729 533 1788 debueras
563 1732 691 1804 captum.
733 1731 814 1789 solve
844 1749 915 1808 ergo
944 1731 1075 1805 pretinm

56 1818 269 1893 redemptionis
292 1836 384 1877 meae.
425 1820 451 1876 si
478 1825 578 1876 autem
605 1821 756 1893 porrectos
784 1819 883 1896 egenti
907 1819 986 1878 cibos
1009 1837 1076 1877 mea

56 1907 138 1965 fame
155 1906 310 1981 rependas,
333 1908 488 1984 expulsum
510 1906 548 1965 ab
568 1907 703 1966 omnibns
725 1907 811 1967 bonis
834 1907 929 1966 filium
948 1907 1076 1966 similem

56 1997 151 2054 facies
172 1996 300 2054 inimico.
342 1998 446 2071 captus
465 2015 483 2054 a
501 1997 608 2071 piratis
631 1996 688 2055 soli
705 1998 787 2072 petri
804 2016 869 2055 meo
889 1997 925 2055 de
942 1996 1076 2071 redemp-

20 2111 44 2152 ω
58 2084 141 2143 tione
163 2103 229 2142 mee
252 2085 357 2160 scripsi
380 2105 468 2161 quem
487 2084 616 2143 sciebam
638 2104 723 2160 posse
747 2087 777 2144 et
795 2085 901 2144 debere
923 2085 1076 2143 redimere.

58 2175 155 2234 amico
178 2193 244 2232 meo
268 2173 397 2249 qualiter
415 2174 597 2250 scripsissem
621 2193 709 2249 quem
727 2173 856 2232 sciebam
878 2193 937 2233 non
960 2173 1076 2247 hebere,

57 2262 138 2321 unde
166 2262 332 2322 redimeret.
385 2265 449 2338 ipse
477 2265 579 2322 tamen
607 2281 676 2321 mox
705 2263 856 2338 profectus
887 2265 931 2321 est
961 2262 1000 2320 ad
1030 2281 1076 2320 me

56 2350 265 2411 redimendum
282 2354 368 2427 patre
387 2371 439 2411 suo
457 2370 516 2411 non
535 2351 710 2427 prohibente
729 2351 779 2410 sed
797 2355 953 2411 annuente.
996 2353 1078 2427 quic-

10 2492 13 2497 ,
59 2439 133 2517 qnid
151 2442 177 2499 si
194 2441 227 2498 in
245 2440 376 2500 subsidia
394 2440 474 2500 vitae
493 2443 664 2517 seposuerat
682 2459 772 2516 parea
791 2441 958 2518 frugalitas,
979 2442 1078 2499 totum

19 2532 92 2596 usin
113 2531 262 2604 impensas
292 2531 408 2589 itineris
438 2529 565 2589 contulit
588 2532 623 2588 ei.
671 2531 774 2588 infelix
797 2549 898 2604 senex,
926 2531 969 2589 sic
991 2548 1077 2606 egere

59 2617 192 2694 coepisti.
233 2619 382 2693 profectus
413 2621 524 2677 amiens
547 2619 685 2678 fluctibns
714 2622 744 2676 et
766 2621 857 2678 maris
885 2619 1024 2695 periculis
1048 2637 1078 2677 se

60 2708 217 2768 commisit.
257 2727 419 2783 properans
439 2708 524 2767 tarde
548 2708 586 2765 ed
608 2709 722 2783 piratas
745 2711 836 2767 venit.
882 2708 951 2767 hine
974 2708 1013 2767 ad
1035 2708 1078 2766 lo-

60 2816 141 2870 cum,
173 2796 226 2854 ubi
248 2815 329 2855 eram
352 2798 484 2855 armatus
506 2798 539 2855 in
572 2815 676 2872 cempo
705 2816 771 2855 eum
801 2797 868 2856 aliis
901 2796 1079 2855 adiudicatis

59 2879 206 2963 morti[s],
230 2904 354 2962 cumque
377 2905 510 2964 pugnare
533 2886 678 2960 deberem,
702 2887 785 2945 adest
808 2888 928 2945 amicus.
964 2888 1078 2962 stupeo.

18 3002 46 3043 ω
60 2995 109 3034 me
128 2975 330 3050 complexatus
349 2975 435 3034 offert
453 2994 483 3034 se
501 2977 600 3050 ipsum
618 2974 836 3050 redemptorem
851 2995 957 3035 meum.
1001 2973 1080 3050 qnod

61 3084 130 3123 cnm
157 3082 309 3140 negarem,
338 3066 381 3122 ait
409 3064 488 3139 qnod
514 3066 613 3140 ipsum
639 3064 779 3122 haberem
808 3063 912 3123 mortis
941 3064 1081 3123 comitem

60 3152 110 3212 vel
133 3153 286 3211 vicarium.
332 3153 407 3211 vicit
429 3172 498 3231 ergo
520 3155 666 3212 instantia
688 3155 719 3212 et
742 3153 826 3211 duxit
848 3172 895 3211 me
919 3153 957 3210 ed
979 3172 1080 3211 mnne·

60 3242 176 3301 rerium
199 3244 229 3301 et
252 3261 319 3300 cum
341 3242 472 3301 lacrimis
501 3244 531 3301 et
558 3241 692 3317 precibus
721 3243 851 3301 obtinuit
873 3242 1079 3300 mutationem.

61 3333 135 3390 tuno
165 3333 270 3390 exutus
293 3349 358 3390 snm
392 3333 481 3391 armis
505 3333 535 3389 et
556 3333 620 3407 ipse
649 3331 771 3390 indutus
801 3333 846 3390 est
876 3331 925 3390 eis.
967 3333 1083 3408 pugnat

136 3524 170 3571 23
189 3519 244 3589 lepe
263 3518 333 3586 quid
352 3518 376 3571 si
393 3520 435 3573 ccl
453 3517 589 3587 quicquid
608 3518 663 3572 sibi
737 3524 769 3572 32
789 3518 985 3572 numerarium
1003 3527 1033 3569 st

118 3617 278 3667 errnmnr
289 3627 495 3660 nxonmrrorms
511 3620 547 3661 ed.
561 3619 704 3662 Lehnert.
905 3611 949 3659 Ἃ
