2408 3840
411 139 647 197 Ductlrrfflo
666 142 691 196 Χ
706 148 819 199 16-11.
1053 143 1119 211 203

103 310 197 370 etiam
217 309 352 385 recedat,
378 310 434 370 hoo
455 310 651 387 periclitatur,
678 331 715 371 ne
737 311 817 371 filius
840 330 871 371 se
895 316 982 389 putet
1004 313 1119 372 venisse

103 399 141 460 ad
163 400 300 459 invitam.

168 487 248 567 Agit
270 488 333 547 iam
358 488 414 547 hoo
440 489 506 547 looo
528 489 683 549 nobiseum
703 490 829 549 maritus
855 491 990 567 gravius,
1019 492 1119 568 altius,

102 577 279 654 sapientius,
301 580 338 636 ut
358 576 446 636 homo
470 578 533 637 sine
556 577 665 638 dolore.
707 582 798 655 negat
820 579 898 639 ullos
921 598 1118 657 assemanus,

78 665 258 728 soontendit
280 665 380 724 omnia
401 667 498 741 perire
521 683 589 726 oum
611 685 740 744 corpore,
763 686 818 726 neo
835 687 966 728 remeare
985 671 1118 729 viventes

103 773 122 814 a
143 757 243 814 cinere
267 772 383 829 sensus,
405 773 459 815 neo
482 758 545 814 tam
567 755 663 816 videri
685 756 830 834 imagines
852 757 1006 816 hominum
1030 777 1120 833 quam

103 845 233 923 eogitari
249 845 281 903 et
298 844 397 903 oeulos
415 844 545 904 luctibus
563 843 688 904 eredere.
726 845 850 921 quodsi
868 845 912 904 ita
931 848 984 921 est,
998 866 1120 924 magum
1162 864 1164 869 ’

102 933 142 991 ad
171 932 246 1008 quid
272 930 450 992 advocavit?
484 933 611 1009 pessime
640 936 811 1009 parentium
840 935 891 1010 qui
917 935 1026 995 liberos
1050 953 1118 995 suos

103 1021 253 1098 sepeliunt
284 1020 353 1080 flere
385 1023 525 1098 contenti,
552 1025 587 1081 ut
616 1022 712 1081 obiter
739 1023 775 1082 ab
807 1042 881 1101 rogo
913 1025 997 1084 sioois
1026 1024 1119 1083 oeulis

61 1130 91 1171 ιο
102 1113 306 1170 revertantur:
333 1113 424 1188 negat
447 1111 485 1169 ad
507 1130 622 1186 manes,
647 1115 739 1188 negat
762 1111 800 1171 ad
822 1112 943 1172 umbras
965 1114 1119 1189 pervenire

103 1200 185 1277 quod
212 1200 352 1278 plangas:
385 1199 522 1259 adfirmat
547 1203 643 1276 perire
671 1201 823 1276 lacrimas,
856 1201 994 1261 adfirmat
1022 1203 1119 1278 perire

103 1289 263 1366 singultus.
300 1307 318 1346 o
337 1289 512 1348 sceleratum
530 1290 689 1365 hominem,
713 1291 847 1366 quisquis
866 1290 951 1367 luget
971 1294 1001 1350 et
1023 1293 1119 1365 timet,

102 1396 140 1437 ne
162 1378 221 1437 hoo
242 1377 365 1452 perdat!

170 1465 258 1524 Vana
281 1485 351 1544 ergo
372 1467 520 1543 sapientes
542 1467 733 1542 persuasione
756 1468 893 1527 frustrati
911 1468 963 1544 qui
982 1471 1118 1528 constare
1133 1468 1169 1524 11

61 1575 89 1618 rs
102 1555 239 1615 homines
262 1557 293 1614 et
314 1555 416 1630 perfici
438 1557 569 1632 eorporis
593 1557 745 1616 elementis
770 1559 945 1633 animaeque
966 1556 1117 1619 dixemmt:

102 1662 212 1721 oor'pus
230 1642 380 1718 oaduoum,
403 1645 519 1722 fragile,
537 1643 695 1720 terrenum,
714 1648 749 1704 ut
766 1647 844 1705 siooa
862 1646 1003 1720 humidis,
1021 1646 1119 1706 oalida

101 1733 232 1811 frigidis,
248 1733 388 1793 resolutis
407 1733 549 1793 adstricta
566 1738 743 1811 pugnarent,
766 1735 876 1810 partim
895 1738 948 1794 aut
966 1735 1119 1795 doloribus

102 1821 204 1898 adfici,
229 1824 282 1880 aut
303 1823 470 1882 novissimis
493 1825 579 1882 annis
603 1826 633 1882 et
655 1825 805 1883 senectute
828 1823 963 1899 dissolvi,
987 1826 1119 1884 animam

102 1928 176 1970 vero
207 1910 336 1970 flammei
367 1911 479 1989 vigoris
510 1914 656 1988 impetum
687 1913 960 1991 perennitatemque
993 1932 1053 1972 non
1083 1933 1120 1972 ex

61 2020 90 2061 a·
103 2001 207 2059 nostro
229 2000 298 2078 igne
317 2002 490 2075 sumentem,
513 2000 565 2060 sed
584 2020 642 2077 quo
661 2001 759 2061 sidera
776 2002 888 2077 volant,
912 2006 942 2062 et
965 2021 1023 2078 quo
1043 2005 1119 2062 sueri

102 2091 284 2165 torquentur
311 2107 392 2164 axes,
420 2088 489 2148 inde
511 2091 612 2149 venire
635 2090 712 2149 unde
735 2110 836 2150 rerum
859 2094 993 2150 omnium
1016 2094 1120 2150 auoto-

101 2197 168 2237 rem
185 2180 398 2254 parentemque
416 2178 556 2253 spiritum
574 2179 722 2254 ducimus,
747 2198 800 2238 neo
821 2180 944 2238 interire
967 2199 1019 2239 neo
1043 2179 1119 2239 solvi

102 2285 159 2326 neo
181 2267 244 2326 ullo
261 2267 454 2326 mortalitatis
473 2267 560 2327 adfioi
582 2268 659 2327 fato:
683 2268 735 2327 sed
753 2269 889 2344 quotiens
907 2268 1031 2329 humani
1051 2286 1118 2344 pea-

177 2435 312 2490 1etiam:
331 2438 420 2490 ost1¹
495 2437 640 2501 recedote
720 2438 792 2491 aad
810 2437 933 2502 vitame
1013 2437 1117 2492 tiam:

103 2541 246 2596 etiamr
293 2542 438 2597 vobiscum
451 2541 495 2596 11·
545 2543 735 2612 lsapientios
748 2554 777 2596 Β
828 2511 914 2614 negat
933 2554 960 2598 Β
1019 2543 1124 2599 111οεῦ

105 2618 121 2666 6
144 2629 198 2668 neo
215 2623 301 2668 oms
371 2629 515 2668 remanere
533 2621 597 2670 aare
614 2630 738 2670 remeare
756 2615 820 2670 add.
836 2624 869 2681 P,
893 2615 943 2670 del.
958 2632 1031 2670 maa.
1048 2618 1065 2669 3

105 2683 279 2743 liudem]
327 2685 476 2755 parentum
489 2694 567 2739 um
618 2685 685 2740 dum
699 2686 934 2756 postquiadd.s
989 2686 1120 2757 1193110

105 2763 138 2809 Ι
180 2754 290 2810 affimat
306 2764 335 2809 Β
381 2756 478 2827 ρξὶξτθ
493 2766 524 2809 M
573 2762 604 2810 13
624 2773 676 2811 neo
694 2767 721 2811 Β
764 2757 864 2827 perdet
877 2767 905 2811 Β
959 2763 991 2811 15
1010 2756 1120 2826 corpori

102 2836 144 2893 Β;
159 2843 275 2896 corpora
284 2836 317 2881 11
328 2826 382 2896 (vel
396 2827 520 2896 eorporis
534 2844 559 2882 a.
569 2829 610 2896 m)
660 2827 806 2883 elementis
819 2829 1047 2884 Vindotorwaeis:
1067 2827 1120 2883 ali·

103 2897 209 2953 mentis
227 2920 250 2951 o
321 2898 486 2967 animasque
505 2908 546 2966 M,
566 2899 715 2968 animaque
735 2914 749 2965 e
822 2905 855 2954 16
874 2900 1031 2971 caducum}
1048 2909 1070 2952 V

102 2969 190 3023 hudis
199 2977 234 3037 Β,
248 2968 288 3023 mi
301 2980 405 3038 sapae
442 2975 475 3023 11
491 2970 633 3024 adstrictis
641 2979 681 3038 13
694 2971 1119 3042 ξ1ξ111ὴ111μ-6111111μς

104 3075 257 3140 astriotw
311 3041 470 3160 18111ᾳί11
521 3076 671 3131 novissime
689 3080 745 3132 Ba.
806 3080 834 3132 et
853 3079 1007 3133 Meweias:
1027 3078 1079 3132 aut
1096 3098 1119 3130 ω

104 3205 139 3254 19
158 3198 276 3270 virgarii
294 3210 316 3253 V
364 3163 574 3272 peiiitatemque
592 3210 631 3270 ³3
649 3202 930 3271 perhennitatemque
950 3210 981 3269 V,
998 3201 1120 3270 pernici-

103 3273 250 3341 tutamque
263 3281 296 3326 Β
314 3271 369 3342 (vel
381 3272 642 3342 perennitatemque
660 3274 702 3343 m)
757 3280 789 3328 21
810 3275 893 3344 agros
906 3282 945 3340 13
965 3288 1026 3328 ares
1040 3282 1068 3326 Ρ

104 3359 167 3451 tire
184 3404 224 3465 13
242 3395 283 3451 ire
302 3405 335 3450 11
350 3395 405 3466 (vel
422 3395 516 3450 venire
534 3414 608 3466 sagr.
622 3399 664 3468 ur)
745 3399 868 3453 actorem
904 3407 932 3451 Β
1016 3402 1049 3450 22
1068 3412 1120 3466 pa-

103 3504 250 3591 ritemue
271 3530 294 3574 V
361 3485 480 3575 dicimus
498 3529 537 3587 13
557 3521 675 3575 dicimus
695 3531 726 3574 11
796 3529 830 3578 13
848 3505 969 3579 otnant
988 3531 1012 3575 Β
