2408 3840
101 133 167 188 Vm
503 132 717 188 PRAEFATIO.

103 303 336 378 pretiosissimos
356 305 386 361 61
404 305 533 379 optimos
552 302 644 362 libros
663 323 730 362 cum
748 303 869 362 aliunde
887 306 952 361 tum
971 323 1005 362 ex
1025 301 1127 361 Gallia

105 395 136 451 61
159 393 301 451 coemisse
329 393 359 450 et
389 391 465 451 dono
496 394 644 467 accepisse
670 410 743 469 quos
772 391 969 451 bibliothecae
999 393 1126 468 capituli

103 480 331 558 Bambergensis
354 472 523 562 1661166611)
564 483 629 540 erat
652 482 753 540 autem
780 481 852 540 olim
880 482 971 540 codex
999 483 1125 558 capituli

102 571 193 629 illius.
234 569 267 629 in
285 571 390 629 charta
408 571 487 629 enim
506 589 524 628 a
543 569 715 646 bibliopega
734 570 833 630 codice
855 572 1028 646 praeposita
1050 571 1125 648 legi-

102 661 166 718 tur:
186 658 410 719 declamationes
425 659 602 734 Quintiliani
620 661 660 718 ad
675 661 873 720 bibliothecam
890 661 1124 719 reverendissimi

102 749 227 821 capituli
246 748 483 822 Baraberpensis.
521 747 700 826 Signatume
724 749 827 808 eodem
849 750 914 808 loco
935 751 1125 824 reponuntur

102 839 176 896 tres:
196 837 256 911 Jl,
277 840 364 897 1040
379 839 409 896 61
424 855 500 913 quae
519 856 597 895 nunc
610 839 703 915 viget,
720 839 752 896 M
764 838 809 897 IV
829 839 880 896 13.
913 841 1043 896 attamen
1065 858 1126 913 qua

102 928 153 984 via
176 927 268 985 codex
290 927 370 985 hunc
388 928 420 985 in
439 927 538 985 locum
555 929 733 1003 pervenerit,
755 947 815 986 non
835 929 960 986 constat.
1003 927 1122 985 silentio

101 1017 204 1074 tamen
226 1017 390 1091 praeterire
414 1015 483 1074 nolo
507 1017 625 1075 saeculo
649 1016 707 1073 XII
729 1016 762 1075 in
784 1016 965 1075 bibliotheca
989 1015 1124 1075 coenobii

104 1103 133 1162 S.
159 1104 314 1163 Michaelis
345 1097 573 1182 Bambergensis
609 1105 701 1164 fuisse
734 1104 934 1174 Quintilianos
964 1097 1037 1185 H2),
1070 1107 1125 1180 qui

103 1212 181 1251 anno
214 1195 300 1252 1483
324 1195 356 1251 16
386 1195 524 1271 catalogo
555 1195 591 1253 ab
617 1194 739 1252 Andrea
766 1193 874 1253 abbate
902 1195 1036 1253 confecto
1064 1214 1124 1253 non

101 1281 164 1341 iam
179 1285 399 1342 enumerentur.
438 1285 557 1358 quasin
574 1282 788 1343 bibliothecam
807 1285 932 1360 capituli
951 1301 1013 1342 esse
1027 1285 1123 1342 trans-

101 1371 193 1446 latos,
226 1371 278 1429 ubi
307 1373 369 1430 iam
399 1373 516 1431 saeculo
549 1372 623 1430 XIII
653 1372 710 1432 duo
742 1371 922 1442 Quintiliani
950 1374 982 1431 in
1012 1371 1123 1431 tabulis

102 1461 191 1519 relati
215 1452 331 1541 66613),
360 1464 451 1536 atque
480 1479 542 1520 esse
573 1461 691 1520 eosdem
719 1465 809 1538 atque
838 1481 887 1521 eos
915 1463 967 1537 qui
990 1480 1068 1519 nune
1091 1464 1123 1519 in

101 1549 283 1609 bibliotheca
301 1551 385 1628 regia
401 1553 558 1610 serventur
576 1543 623 1631 (Μ
636 1551 680 1608 IV
696 1552 736 1609 13
756 1555 787 1609 61
804 1551 836 1609 M
849 1551 892 1609 IV
914 1542 970 1631 14)
990 1550 1123 1609 affirmat

101 1631 312 1720 Bresslaufi)
354 1659 449 1714 neque
472 1639 577 1716 negari
597 1642 705 1716 potest,
729 1641 915 1699 coniecturae
939 1639 985 1698 illi
1008 1639 1122 1714 aliquid

102 1727 324 1804 probabilitatis
343 1731 447 1803 inesse,
466 1730 600 1787 attamen
620 1748 698 1804 cave,
722 1748 787 1788 eam
806 1749 860 1805 pro
880 1731 962 1788 certa
979 1729 1123 1788 vendites.

170 1815 229 1876 Sed
252 1817 290 1875 ad
308 1837 355 1876 res
374 1818 621 1896 orthographicas
639 1818 734 1876 redeo.
773 1818 809 1876 de
831 1817 937 1893 quihus
956 1838 993 1876 ne
1016 1818 1123 1895 longus

102 1907 172 1982 sim,
205 1906 261 1964 hoe
291 1907 357 1965 loco
386 1926 481 1964 unum
515 1908 548 1964 in
583 1909 773 1984 conspectum
802 1907 938 1966 redactas
971 1908 1123 1982 proferam

103 1994 267 2070 scripturas
299 1994 446 2070 quasdam
473 1996 642 2055 sollemnes:
670 1997 814 2068 adfectas,
843 1997 958 2069 attera
987 1998 1122 2067 adfirmo,

104 2085 208 2152 adicio,
228 2086 366 2158 adprobo,
386 2085 538 2152 adsiduas,
557 2085 697 2159 alioquin,
716 2089 797 2159 aput,
816 2086 928 2158 atquin,
947 2088 1123 2158 contemptas

103 2164 210 2253 (etiam
233 2193 286 2249 pro
307 2165 478 2253 contentus),
501 2174 638 2248 61661666,
661 2175 787 2243 dinosco,
805 2177 954 2242 execratio,
978 2176 1121 2247 exequiae,

102 2265 224 2335 eapeetc,
248 2264 352 2332 euulto,
374 2265 479 2336 inquid
501 2264 641 2336 intellepa
662 2265 787 2338 neplepO,
809 2265 930 2331 nanae,
954 2264 1051 2331 611616,
1074 2264 1122 2321 ob-

100 2368 212 2413 scenus.
231 2354 387 2424 paciencia
409 2352 459 2412 uel
478 2348 544 2420 '-tia,
562 2355 678 2426 pacior,
697 2352 841 2426 annuunt,
865 2354 1003 2425 quotiens,
1027 2353 1122 2427 sepul-

100 2441 215 2508 chrum,
246 2444 362 2514 tempto,
394 2443 508 2510 totiens,
539 2460 627 2516 saepe
655 2442 798 2519 leguntur
821 2443 996 2515 propincus,
1027 2459 1123 2510 aecus,

101 2530 228 2597 eculeus,
251 2535 396 2589 secuntur.
438 2530 557 2589 litterae
581 2548 595 2588 6
618 2534 648 2590 61
671 2549 718 2606 66,
743 2535 754 2588 1
777 2533 807 2589 61
829 2548 844 2590 6
866 2531 927 2589 fere
954 2532 1122 2606 promiscue

100 2620 293 2695 usurpantur.
335 2621 386 2679 vix
403 2619 556 2678 interdum
574 2619 715 2678 differunt
736 2637 759 2678 n
782 2619 818 2678 ab
840 2639 859 2678 u
880 2621 911 2678 61
928 2621 960 2693 ii,
983 2619 1003 2678 d
1026 2618 1063 2677 ab
1088 2621 1122 2677 el.

126 2858 132 2870 .
169 2787 253 2870 ¹1)ef.
277 2788 294 2841 J
300 2787 375 2854 ach,
400 2788 599 2859 Vollstbndige
624 2788 838 2870 Beschneibung
865 2790 915 2842 der
940 2787 1121 2842 bffentlichen

100 2859 1041 3013 11111161116611116111111(11
1068 2857 1123 2914 ‘³⁶‘

172 3004 199 3071 2)
218 3001 252 3055 cf.
273 3001 305 3056 G.
320 3003 461 3071 Becker,
486 3002 610 3073 catalogi
628 3002 866 3057 bibliothecarum
889 3004 1000 3070 ant1qu1
1020 3003 1122 3071 (1885),

99 3092 126 3142 p·
144 3079 203 3213 1932)Ι
219 3144 253 3199 cf.
272 3144 458 3213 Diimmler‚
477 3144 615 3214 Anaeiger
632 3144 678 3199 fur
694 3145 795 3200 Kunde
814 3146 864 3200 der
883 3144 1037 3198 deutschen
1051 3143 1121 3197 Vor-

100 3215 156 3268 6611
173 3215 208 3269 N.
223 3216 253 3269 F.
270 3221 303 3268 24
319 3217 418 3286 (1877),
438 3235 465 3286 p.
482 3222 546 3271 135:
571 3219 667 3271 Marci
684 3217 773 3271 Fabii
794 3215 984 3286 Quintiliani.
1003 3259 1008 3269 .
1024 3258 1029 3268 .
1045 3215 1120 3269 aolu-

100 3288 172 3341 rnine
190 3288 290 3356 incipit
308 3290 337 3341 61
351 3288 448 3357 paullo
466 3286 553 3342 infra:
573 3289 658 3343 Liber
673 3290 768 3343 Marci
783 3288 872 3342 Fabii
887 3287 1059 3358 Quintiliani
1077 3287 1122 3338 in-

99 3359 274 3412 stitutionum
292 3361 485 3415 maurianum.

62 3482 69 3503 (
171 3432 198 3499 4)
217 3430 388 3500 Bamberger
409 3430 539 3495 Studien,
563 3430 655 3486 Neues
675 3430 778 3484 Archiv
802 3431 851 3484 der
870 3428 1057 3484 Gesellschaft
1075 3427 1123 3481 fur

99 3499 188 3554 altere
207 3502 341 3555 deutsche
361 3500 621 3557 Geschichtekunde
641 3508 673 3556 21
693 3505 794 3573 (1896),
813 3520 839 3571 p.
857 3504 915 3554 170.
