<?xml version="1.0" encoding="UTF-8"?>
<!DOCTYPE html PUBLIC "-//W3C//DTD XHTML 1.0 Transitional//EN"
    "http://www.w3.org/TR/xhtml1/DTD/xhtml1-transitional.dtd">
<html xmlns="http://www.w3.org/1999/xhtml" xml:lang="en" lang="en">
 <head>
  <title>
</title>
<meta http-equiv="Content-Type" content="text/html;charset=utf-8" />
  <meta name='ocr-system' content='tesseract 3.04.00' />
  <meta name='ocr-capabilities' content='ocr_page ocr_carea ocr_par ocr_line ocrx_word'/>
</head>
<body>
  <div class='ocr_page' id='page_1' title='image "./qvintilianiqvae01quingoog_0279.png"; bbox 0 0 2408 3840; ppageno 0'>
   <div class='ocr_carea' id='block_1_1' title="bbox 133 175 825 243">
    <p class='ocr_par' dir='ltr' id='par_1_1' title="bbox 133 175 825 243">
     <span class='ocr_line' id='line_1_1' title="bbox 133 175 825 243; baseline -0.004 -10"><span class='ocrx_word' id='word_1_1' title='bbox 133 178 199 243; x_wconf 78' lang='grc'><strong>244</strong></span> <span class='ocrx_word' id='word_1_2' title='bbox 448 175 701 232; x_wconf 77' lang='lat' dir='ltr'>OADAVERIBVS</span> <span class='ocrx_word' id='word_1_3' title='bbox 719 175 825 231; x_wconf 80' lang='lat' dir='ltr'>PASTI</span> 
     </span>
    </p>
   </div>
   <div class='ocr_carea' id='block_1_2' title="bbox 81 345 1180 2823">
    <p class='ocr_par' dir='ltr' id='par_1_2' title="bbox 133 345 1149 423">
     <span class='ocr_line' id='line_1_2' title="bbox 133 345 1149 423; baseline -0.002 -18"><span class='ocrx_word' id='word_1_4' title='bbox 133 346 268 423; x_wconf 88' lang='lat' dir='ltr'><strong>quamvis</strong></span> <span class='ocrx_word' id='word_1_5' title='bbox 296 365 385 406; x_wconf 89' lang='lat' dir='ltr'><strong>sensu</strong></span> <span class='ocrx_word' id='word_1_6' title='bbox 414 350 534 406; x_wconf 77' lang='lat' dir='ltr'><strong>careant</strong></span> <span class='ocrx_word' id='word_1_7' title='bbox 565 348 650 406; x_wconf 89' lang='lat' dir='ltr'><strong>muta</strong></span> <span class='ocrx_word' id='word_1_8' title='bbox 681 345 838 420; x_wconf 85' lang='lat' dir='ltr'><strong>animalia,</strong></span> <span class='ocrx_word' id='word_1_9' title='bbox 869 345 1012 423; x_wconf 78' lang='lat' dir='ltr'><strong>pleraque</strong></span> <span class='ocrx_word' id='word_1_10' title='bbox 1045 347 1149 404; x_wconf 86' lang='lat' dir='ltr'><strong>tamen</strong></span> 
     </span>
    </p>

    <p class='ocr_par' dir='ltr' id='par_1_3' title="bbox 81 434 1180 2292">
     <span class='ocr_line' id='line_1_3' title="bbox 81 434 1150 511; baseline -0.002 -17"><span class='ocrx_word' id='word_1_11' title='bbox 81 439 117 495; x_wconf 75' lang='lat'><strong>27</strong></span> <span class='ocrx_word' id='word_1_12' title='bbox 133 435 338 495; x_wconf 81' lang='lat' dir='ltr'><strong>innocentibus</strong></span> <span class='ocrx_word' id='word_1_13' title='bbox 357 435 430 495; x_wconf 82' lang='lat' dir='ltr'><strong>cibis</strong></span> <span class='ocrx_word' id='word_1_14' title='bbox 444 437 613 509; x_wconf 85' lang='lat' dir='ltr'><strong>vescuntur,</strong></span> <span class='ocrx_word' id='word_1_15' title='bbox 630 435 677 494; x_wconf 82' lang='lat' dir='ltr'><strong>uti</strong></span> <span class='ocrx_word' id='word_1_16' title='bbox 690 453 825 511; x_wconf 86' lang='lat' dir='ltr'><strong>quaeque</strong></span> <span class='ocrx_word' id='word_1_17' title='bbox 843 436 1030 494; x_wconf 85' lang='lat' dir='ltr'><strong>consuerunt.</strong></span> <span class='ocrx_word' id='word_1_18' title='bbox 1068 434 1150 493; x_wconf 84' lang='lat' dir='ltr'><strong>inter</strong></span> 
     </span>
     <span class='ocr_line' id='line_1_4' title="bbox 132 522 1148 600; baseline 0 -18"><span class='ocrx_word' id='word_1_19' title='bbox 132 525 266 583; x_wconf 89' lang='lat' dir='ltr'><strong>homines</strong></span> <span class='ocrx_word' id='word_1_20' title='bbox 290 525 381 583; x_wconf 89' lang='lat' dir='ltr'><strong>etiam</strong></span> <span class='ocrx_word' id='word_1_21' title='bbox 403 524 429 584; x_wconf 89' lang='lat' dir='ltr'><strong>si</strong></span> <span class='ocrx_word' id='word_1_22' title='bbox 453 542 512 599; x_wconf 88' lang='lat' dir='ltr'><strong>qua</strong></span> <span class='ocrx_word' id='word_1_23' title='bbox 535 523 640 584; x_wconf 90' lang='lat' dir='ltr'><strong>alienis</strong></span> <span class='ocrx_word' id='word_1_24' title='bbox 662 523 802 583; x_wconf 80' lang='lat' dir='ltr'><strong>membris</strong></span> <span class='ocrx_word' id='word_1_25' title='bbox 824 522 992 600; x_wconf 86' lang='lat' dir='ltr'><strong>inprimunt</strong></span> <span class='ocrx_word' id='word_1_26' title='bbox 1018 522 1148 596; x_wconf 80' lang='lat' dir='ltr'><strong>dentem,</strong></span> 
     </span>
     <span class='ocr_line' id='line_1_5' title="bbox 133 611 1148 687; baseline 0 -17"><span class='ocrx_word' id='word_1_27' title='bbox 133 616 237 672; x_wconf 90' lang='lat' dir='ltr'><strong>mutuo</strong></span> <span class='ocrx_word' id='word_1_28' title='bbox 260 616 361 673; x_wconf 90' lang='lat' dir='ltr'><strong>tamen</strong></span> <span class='ocrx_word' id='word_1_29' title='bbox 383 613 500 672; x_wconf 88' lang='lat' dir='ltr'><strong>laniatu</strong></span> <span class='ocrx_word' id='word_1_30' title='bbox 523 612 681 687; x_wconf 74' lang='lat' dir='ltr'><strong>abstinent,</strong></span> <span class='ocrx_word' id='word_1_31' title='bbox 706 631 761 672; x_wconf 89' lang='lat' dir='ltr'><strong>nec</strong></span> <span class='ocrx_word' id='word_1_32' title='bbox 784 614 829 672; x_wconf 88' lang='lat' dir='ltr'><strong>est</strong></span> <span class='ocrx_word' id='word_1_33' title='bbox 852 611 914 671; x_wconf 86' lang='lat' dir='ltr'><strong>ulla</strong></span> <span class='ocrx_word' id='word_1_34' title='bbox 936 629 1029 687; x_wconf 87' lang='lat' dir='ltr'><strong>supra</strong></span> <span class='ocrx_word' id='word_1_35' title='bbox 1051 614 1148 671; x_wconf 85' lang='lat' dir='ltr'><strong>terras</strong></span> 
     </span>
     <span class='ocr_line' id='line_1_6' title="bbox 134 701 1180 779; baseline 0.001 -19"><span class='ocrx_word' id='word_1_36' title='bbox 134 702 207 761; x_wconf 87' lang='lat' dir='ltr'><strong>adeo</strong></span> <span class='ocrx_word' id='word_1_37' title='bbox 234 703 352 761; x_wconf 88' lang='lat' dir='ltr'><strong>rabiosa</strong></span> <span class='ocrx_word' id='word_1_38' title='bbox 379 702 468 761; x_wconf 87' lang='lat' dir='ltr'><strong>belua</strong></span> <span class='ocrx_word' id='word_1_39' title='bbox 494 701 542 761; x_wconf 89' lang='lat' dir='ltr'><strong>cui</strong></span> <span class='ocrx_word' id='word_1_40' title='bbox 568 721 628 762; x_wconf 93' lang='lat' dir='ltr'><strong>non</strong></span> <span class='ocrx_word' id='word_1_41' title='bbox 655 703 755 779; x_wconf 81' lang='lat' dir='ltr'><strong>imago</strong></span> <span class='ocrx_word' id='word_1_42' title='bbox 783 719 838 760; x_wconf 88' lang='lat' dir='ltr'><strong>sua</strong></span> <span class='ocrx_word' id='word_1_43' title='bbox 864 703 969 761; x_wconf 86' lang='lat' dir='ltr'><strong>sancta</strong></span> <span class='ocrx_word' id='word_1_44' title='bbox 999 701 1048 760; x_wconf 84' lang='lat' dir='ltr'><strong>sit</strong></span> <span class='ocrx_word' id='word_1_45' title='bbox 1093 719 1146 760; x_wconf 91' lang='lat' dir='ltr'><strong>nos</strong></span> <span class='ocrx_word' id='word_1_46' title='bbox 1171 720 1180 761; x_wconf 80' lang='lat' dir='ltr'><strong>s</strong></span> 
     </span>
     <span class='ocr_line' id='line_1_7' title="bbox 134 788 1146 868; baseline 0 -19"><span class='ocrx_word' id='word_1_47' title='bbox 134 791 241 867; x_wconf 89' lang='lat' dir='ltr'><strong>quibus</strong></span> <span class='ocrx_word' id='word_1_48' title='bbox 265 791 366 850; x_wconf 88' lang='lat' dir='ltr'><strong>divina</strong></span> <span class='ocrx_word' id='word_1_49' title='bbox 388 790 577 868; x_wconf 84' lang='lat' dir='ltr'><strong>providentia</strong></span> <span class='ocrx_word' id='word_1_50' title='bbox 598 791 732 850; x_wconf 86' lang='lat' dir='ltr'><strong>mitiores</strong></span> <span class='ocrx_word' id='word_1_51' title='bbox 756 789 836 850; x_wconf 85' lang='lat' dir='ltr'><strong>cibos</strong></span> <span class='ocrx_word' id='word_1_52' title='bbox 860 791 1014 864; x_wconf 71' lang='lat' dir='ltr'><strong>surressit,</strong></span> <span class='ocrx_word' id='word_1_53' title='bbox 1039 788 1146 866; x_wconf 86' lang='lat' dir='ltr'><strong>quibus</strong></span> 
     </span>
     <span class='ocr_line' id='line_1_8' title="bbox 134 877 1145 958; baseline 0.001 -20"><span class='ocrx_word' id='word_1_54' title='bbox 134 882 246 940; x_wconf 89' lang='lat' dir='ltr'><strong>sociare</strong></span> <span class='ocrx_word' id='word_1_55' title='bbox 278 880 418 957; x_wconf 89' lang='lat' dir='ltr'><strong>populos,</strong></span> <span class='ocrx_word' id='word_1_56' title='bbox 449 883 552 939; x_wconf 88' lang='lat' dir='ltr'><strong>mutuo</strong></span> <span class='ocrx_word' id='word_1_57' title='bbox 582 879 711 958; x_wconf 80' lang='lat' dir='ltr'><strong>gaudere</strong></span> <span class='ocrx_word' id='word_1_58' title='bbox 739 878 897 953; x_wconf 88' lang='lat' dir='ltr'><strong>comitatu,</strong></span> <span class='ocrx_word' id='word_1_59' title='bbox 927 877 1027 939; x_wconf 87' lang='lat' dir='ltr'><strong>sidera</strong></span> <span class='ocrx_word' id='word_1_60' title='bbox 1054 879 1145 939; x_wconf 85' lang='lat' dir='ltr'><strong>oculis</strong></span> 
     </span>
     <span class='ocr_line' id='line_1_9' title="bbox 134 965 1145 1044; baseline -0.005 -15"><span class='ocrx_word' id='word_1_61' title='bbox 134 969 299 1044; x_wconf 76' lang='lat' dir='ltr'><strong>animisque</strong></span> <span class='ocrx_word' id='word_1_62' title='bbox 318 988 439 1028; x_wconf 88' lang='lat' dir='ltr'><strong>cernere</strong></span> <span class='ocrx_word' id='word_1_63' title='bbox 463 968 566 1028; x_wconf 89' lang='lat' dir='ltr'><strong>datum</strong></span> <span class='ocrx_word' id='word_1_64' title='bbox 588 971 646 1043; x_wconf 87' lang='lat' dir='ltr'><strong>est,</strong></span> <span class='ocrx_word' id='word_1_65' title='bbox 669 968 816 1028; x_wconf 80' lang='lat' dir='ltr'><strong>viennen</strong></span> <span class='ocrx_word' id='word_1_66' title='bbox 839 969 908 1029; x_wconf 90' lang='lat' dir='ltr'><strong>aute</strong></span> <span class='ocrx_word' id='word_1_67' title='bbox 931 985 986 1027; x_wconf 89' lang='lat' dir='ltr'><strong>nos</strong></span> <span class='ocrx_word' id='word_1_68' title='bbox 1010 965 1145 1028; x_wconf 83' lang='lat' dir='ltr'><strong>fecimus:</strong></span> 
     </span>
     <span class='ocr_line' id='line_1_10' title="bbox 133 1056 1144 1136; baseline -0.001 -20"><span class='ocrx_word' id='word_1_69' title='bbox 133 1060 234 1136; x_wconf 83' lang='lat' dir='ltr'><strong>nigros</strong></span> <span class='ocrx_word' id='word_1_70' title='bbox 252 1059 330 1117; x_wconf 84' lang='lat' dir='ltr'><strong>fame</strong></span> <span class='ocrx_word' id='word_1_71' title='bbox 345 1059 447 1118; x_wconf 91' lang='lat' dir='ltr'><strong>dentes</strong></span> <span class='ocrx_word' id='word_1_72' title='bbox 465 1057 586 1133; x_wconf 84' lang='lat' dir='ltr'><strong>pallidis</strong></span> <span class='ocrx_word' id='word_1_73' title='bbox 604 1057 798 1117; x_wconf 86' lang='lat' dir='ltr'><strong>cadaveribus</strong></span> <span class='ocrx_word' id='word_1_74' title='bbox 812 1056 1007 1133; x_wconf 87' lang='lat' dir='ltr'><strong>inpressimus</strong></span> <span class='ocrx_word' id='word_1_75' title='bbox 1021 1059 1053 1116; x_wconf 88' lang='lat' dir='ltr'><strong>et</strong></span> <span class='ocrx_word' id='word_1_76' title='bbox 1070 1057 1144 1117; x_wconf 91' lang='lat' dir='ltr'><strong>inter</strong></span> 
     </span>
     <span class='ocr_line' id='line_1_11' title="bbox 133 1145 1174 1223; baseline -0.001 -18"><span class='ocrx_word' id='word_1_77' title='bbox 133 1148 285 1206; x_wconf 88' lang='lat' dir='ltr'><strong>horrorem</strong></span> <span class='ocrx_word' id='word_1_78' title='bbox 308 1164 342 1206; x_wconf 91' lang='lat' dir='ltr'><strong>ae</strong></span> <span class='ocrx_word' id='word_1_79' title='bbox 371 1146 480 1206; x_wconf 83' lang='lat' dir='ltr'><strong>famem</strong></span> <span class='ocrx_word' id='word_1_80' title='bbox 502 1147 646 1206; x_wconf 80' lang='lat' dir='ltr'><strong>restrictis</strong></span> <span class='ocrx_word' id='word_1_81' title='bbox 673 1145 766 1205; x_wconf 85' lang='lat' dir='ltr'><strong>labris</strong></span> <span class='ocrx_word' id='word_1_82' title='bbox 788 1163 904 1206; x_wconf 91' lang='lat' dir='ltr'><strong>morsus</strong></span> <span class='ocrx_word' id='word_1_83' title='bbox 932 1145 1142 1223; x_wconf 85' lang='lat' dir='ltr'><strong>abrumpimus.</strong></span> <span class='ocrx_word' id='word_1_84' title='bbox 1155 1164 1174 1205; x_wconf 81' lang='lat' dir='ltr'><strong>c</strong></span> 
     </span>
     <span class='ocr_line' id='line_1_12' title="bbox 135 1233 1143 1313; baseline -0.004 -18"><span class='ocrx_word' id='word_1_85' title='bbox 135 1235 279 1295; x_wconf 83' lang='lat' dir='ltr'><strong>cadavera</strong></span> <span class='ocrx_word' id='word_1_86' title='bbox 301 1238 380 1313; x_wconf 84' lang='lat' dir='ltr'><strong>rogis</strong></span> <span class='ocrx_word' id='word_1_87' title='bbox 404 1236 544 1295; x_wconf 86' lang='lat' dir='ltr'><strong>devoluta</strong></span> <span class='ocrx_word' id='word_1_88' title='bbox 566 1237 651 1310; x_wconf 89' lang='lat' dir='ltr'><strong>sunt,</strong></span> <span class='ocrx_word' id='word_1_89' title='bbox 675 1238 705 1295; x_wconf 93' lang='lat' dir='ltr'><strong>et</strong></span> <span class='ocrx_word' id='word_1_90' title='bbox 728 1234 766 1293; x_wconf 90' lang='lat' dir='ltr'><strong>ad</strong></span> <span class='ocrx_word' id='word_1_91' title='bbox 788 1234 908 1308; x_wconf 73' lang='lat' dir='ltr'><strong>fimeta,</strong></span> <span class='ocrx_word' id='word_1_92' title='bbox 929 1236 1087 1311; x_wconf 86' lang='lat' dir='ltr'><strong>tamquam</strong></span> <span class='ocrx_word' id='word_1_93' title='bbox 1108 1233 1143 1294; x_wconf 89' lang='lat' dir='ltr'><strong>ad</strong></span> 
     </span>
     <span class='ocr_line' id='line_1_13' title="bbox 134 1323 1141 1400; baseline -0.001 -17"><span class='ocrx_word' id='word_1_94' title='bbox 134 1344 238 1398; x_wconf 73' lang='lat' dir='ltr'><strong>naver,</strong></span> <span class='ocrx_word' id='word_1_95' title='bbox 266 1325 474 1383; x_wconf 82' lang='lat' dir='ltr'><strong>concurrimus</strong></span> <span class='ocrx_word' id='word_1_96' title='bbox 520 1323 620 1384; x_wconf 82' lang='lat' dir='ltr'><strong>deficit</strong></span> <span class='ocrx_word' id='word_1_97' title='bbox 649 1325 758 1400; x_wconf 84' lang='lat' dir='ltr'><strong>aliquis</strong></span> <span class='ocrx_word' id='word_1_98' title='bbox 788 1326 918 1383; x_wconf 77' lang='lat' dir='ltr'><strong>extremo</strong></span> <span class='ocrx_word' id='word_1_99' title='bbox 947 1324 1010 1383; x_wconf 91' lang='lat' dir='ltr'><strong>iam</strong></span> <span class='ocrx_word' id='word_1_100' title='bbox 1040 1324 1141 1400; x_wconf 89' lang='lat' dir='ltr'><strong>spiritu</strong></span> 
     </span>
     <span class='ocr_line' id='line_1_14' title="bbox 133 1411 1141 1490; baseline -0.002 -19"><span class='ocrx_word' id='word_1_101' title='bbox 133 1413 273 1489; x_wconf 90' lang='lat' dir='ltr'><strong>pendens,</strong></span> <span class='ocrx_word' id='word_1_102' title='bbox 291 1416 389 1472; x_wconf 89' lang='lat' dir='ltr'><strong>tamen</strong></span> <span class='ocrx_word' id='word_1_103' title='bbox 406 1413 502 1487; x_wconf 85' lang='lat' dir='ltr'><strong>durat,</strong></span> <span class='ocrx_word' id='word_1_104' title='bbox 517 1414 588 1489; x_wconf 89' lang='lat' dir='ltr'><strong>quia</strong></span> <span class='ocrx_word' id='word_1_105' title='bbox 605 1413 688 1490; x_wconf 86' lang='lat' dir='ltr'><strong>prius</strong></span> <span class='ocrx_word' id='word_1_106' title='bbox 706 1413 884 1472; x_wconf 90' lang='lat' dir='ltr'><strong>moriturum</strong></span> <span class='ocrx_word' id='word_1_107' title='bbox 897 1411 1027 1471; x_wconf 86' lang='lat' dir='ltr'><strong>alterum</strong></span> <span class='ocrx_word' id='word_1_108' title='bbox 1046 1414 1141 1490; x_wconf 87' lang='lat' dir='ltr'><strong>putat:</strong></span> 
     </span>
     <span class='ocr_line' id='line_1_15' title="bbox 134 1500 1140 1580; baseline 0.001 -20"><span class='ocrx_word' id='word_1_109' title='bbox 134 1502 261 1560; x_wconf 79' lang='lat' dir='ltr'><strong>invicem</strong></span> <span class='ocrx_word' id='word_1_110' title='bbox 293 1505 461 1578; x_wconf 84' lang='lat' dir='ltr'><strong>expectant,</strong></span> <span class='ocrx_word' id='word_1_111' title='bbox 490 1506 533 1576; x_wconf 93' lang='lat' dir='ltr'><strong>et,</strong></span> <span class='ocrx_word' id='word_1_112' title='bbox 563 1503 589 1561; x_wconf 86' lang='lat' dir='ltr'><strong>si</strong></span> <span class='ocrx_word' id='word_1_113' title='bbox 616 1503 679 1578; x_wconf 91' lang='lat' dir='ltr'><strong>spei</strong></span> <span class='ocrx_word' id='word_1_114' title='bbox 705 1500 882 1580; x_wconf 82' lang='lat' dir='ltr'><strong>figuratione</strong></span> <span class='ocrx_word' id='word_1_115' title='bbox 909 1501 1027 1561; x_wconf 86' lang='lat' dir='ltr'><strong>tardius</strong></span> <span class='ocrx_word' id='word_1_116' title='bbox 1055 1501 1140 1573; x_wconf 85' lang='lat' dir='ltr'><strong>cadet,</strong></span> 
     </span>
     <span class='ocr_line' id='line_1_16' title="bbox 134 1590 1169 1668; baseline -0.001 -19"><span class='ocrx_word' id='word_1_117' title='bbox 134 1591 280 1650; x_wconf 86' lang='lat' dir='ltr'><strong>morsibus</strong></span> <span class='ocrx_word' id='word_1_118' title='bbox 312 1595 435 1668; x_wconf 80' lang='lat' dir='ltr'><strong>pugnat.</strong></span> <span class='ocrx_word' id='word_1_119' title='bbox 480 1611 540 1651; x_wconf 93' lang='lat' dir='ltr'><strong>non</strong></span> <span class='ocrx_word' id='word_1_120' title='bbox 572 1593 605 1649; x_wconf 89' lang='lat' dir='ltr'><strong>iu</strong></span> <span class='ocrx_word' id='word_1_121' title='bbox 636 1590 772 1650; x_wconf 91' lang='lat' dir='ltr'><strong>omnibus</strong></span> <span class='ocrx_word' id='word_1_122' title='bbox 803 1592 913 1650; x_wconf 86' lang='lat' dir='ltr'><strong>mortes</strong></span> <span class='ocrx_word' id='word_1_123' title='bbox 945 1593 1169 1668; x_wconf 63' lang='lat' dir='ltr'><strong>expectatimus</strong></span> 
     </span>
     <span class='ocr_line' id='line_1_17' title="bbox 134 1678 1141 1758; baseline -0.003 -20"><span class='ocrx_word' id='word_1_124' title='bbox 134 1682 220 1755; x_wconf 89' lang='lat' dir='ltr'><strong>pater</strong></span> <span class='ocrx_word' id='word_1_125' title='bbox 242 1679 350 1739; x_wconf 88' lang='lat' dir='ltr'><strong>liberos</strong></span> <span class='ocrx_word' id='word_1_126' title='bbox 374 1680 476 1753; x_wconf 88' lang='lat' dir='ltr'><strong>esurit,</strong></span> <span class='ocrx_word' id='word_1_127' title='bbox 500 1683 530 1739; x_wconf 91' lang='lat' dir='ltr'><strong>et</strong></span> <span class='ocrx_word' id='word_1_128' title='bbox 553 1698 693 1758; x_wconf 88' lang='lat' dir='ltr'><strong>oppressa</strong></span> <span class='ocrx_word' id='word_1_129' title='bbox 712 1680 825 1739; x_wconf 89' lang='lat' dir='ltr'><strong>decimo</strong></span> <span class='ocrx_word' id='word_1_130' title='bbox 847 1697 948 1739; x_wconf 88' lang='lat' dir='ltr'><strong>mense</strong></span> <span class='ocrx_word' id='word_1_131' title='bbox 970 1682 1069 1740; x_wconf 86' lang='lat' dir='ltr'><strong>mater</strong></span> <span class='ocrx_word' id='word_1_132' title='bbox 1089 1678 1141 1738; x_wconf 90' lang='lat' dir='ltr'><strong>sibi</strong></span> 
     </span>
     <span class='ocr_line' id='line_1_18' title="bbox 135 1767 1140 1845; baseline 0 -18"><span class='ocrx_word' id='word_1_133' title='bbox 135 1769 228 1845; x_wconf 89' lang='lat' dir='ltr'><strong>parit,</strong></span> <span class='ocrx_word' id='word_1_134' title='bbox 251 1768 328 1828; x_wconf 89' lang='lat' dir='ltr'><strong>redit</strong></span> <span class='ocrx_word' id='word_1_135' title='bbox 355 1770 387 1827; x_wconf 92' lang='lat' dir='ltr'><strong>in</strong></span> <span class='ocrx_word' id='word_1_136' title='bbox 413 1771 530 1828; x_wconf 87' lang='lat' dir='ltr'><strong>uterum</strong></span> <span class='ocrx_word' id='word_1_137' title='bbox 557 1769 705 1828; x_wconf 89' lang='lat' dir='ltr'><strong>laceratus</strong></span> <span class='ocrx_word' id='word_1_138' title='bbox 732 1768 839 1829; x_wconf 83' lang='lat' dir='ltr'><strong>infans.</strong></span> <span class='ocrx_word' id='word_1_139' title='bbox 884 1767 1010 1827; x_wconf 88' lang='lat' dir='ltr'><strong>eludunt</strong></span> <span class='ocrx_word' id='word_1_140' title='bbox 1036 1768 1140 1840; x_wconf 89' lang='lat' dir='ltr'><strong>domos,</strong></span> 
     </span>
     <span class='ocr_line' id='line_1_19' title="bbox 135 1856 1140 1934; baseline 0 -19"><span class='ocrx_word' id='word_1_141' title='bbox 135 1876 171 1915; x_wconf 89' lang='lat' dir='ltr'><strong>ne</strong></span> <span class='ocrx_word' id='word_1_142' title='bbox 195 1858 261 1934; x_wconf 89' lang='lat' dir='ltr'><strong>quis</strong></span> <span class='ocrx_word' id='word_1_143' title='bbox 284 1858 372 1916; x_wconf 88' lang='lat' dir='ltr'><strong>funus</strong></span> <span class='ocrx_word' id='word_1_144' title='bbox 393 1857 509 1934; x_wconf 84' lang='lat' dir='ltr'><strong>eripiat.</strong></span> <span class='ocrx_word' id='word_1_145' title='bbox 546 1859 627 1917; x_wconf 88' lang='lat' dir='ltr'><strong>solae</strong></span> <span class='ocrx_word' id='word_1_146' title='bbox 645 1860 715 1918; x_wconf 91' lang='lat' dir='ltr'><strong>sunt</strong></span> <span class='ocrx_word' id='word_1_147' title='bbox 733 1856 857 1917; x_wconf 89' lang='lat' dir='ltr'><strong>divitiae</strong></span> <span class='ocrx_word' id='word_1_148' title='bbox 874 1859 1019 1916; x_wconf 83' lang='lat' dir='ltr'><strong>mortium</strong></span> <span class='ocrx_word' id='word_1_149' title='bbox 1064 1857 1140 1916; x_wconf 79' lang='lat' dir='ltr'><strong>velut</strong></span> 
     </span>
     <span class='ocr_line' id='line_1_20' title="bbox 134 1945 1139 2023; baseline 0.003 -20"><span class='ocrx_word' id='word_1_150' title='bbox 134 1947 284 2006; x_wconf 85' lang='lat' dir='ltr'><strong>infaustae</strong></span> <span class='ocrx_word' id='word_1_151' title='bbox 313 1965 381 2006; x_wconf 83' lang='lat' dir='ltr'><strong>ares</strong></span> <span class='ocrx_word' id='word_1_152' title='bbox 414 1965 505 2023; x_wconf 89' lang='lat' dir='ltr'><strong>supra</strong></span> <span class='ocrx_word' id='word_1_153' title='bbox 534 1949 702 2023; x_wconf 86' lang='lat' dir='ltr'><strong>expirantes</strong></span> <span class='ocrx_word' id='word_1_154' title='bbox 734 1949 854 2006; x_wconf 88' lang='lat' dir='ltr'><strong>stamus.</strong></span> <span class='ocrx_word' id='word_1_155' title='bbox 900 1948 1016 2006; x_wconf 81' lang='lat' dir='ltr'><strong>secreta</strong></span> <span class='ocrx_word' id='word_1_156' title='bbox 1047 1945 1139 2006; x_wconf 86' lang='lat' dir='ltr'><strong>miseri</strong></span> 
     </span>
     <span class='ocr_line' id='line_1_21' title="bbox 135 2034 1166 2114; baseline -0.001 -20"><span class='ocrx_word' id='word_1_157' title='bbox 135 2039 253 2112; x_wconf 90' lang='lat' dir='ltr'><strong>petunt,</strong></span> <span class='ocrx_word' id='word_1_158' title='bbox 281 2036 313 2094; x_wconf 90' lang='lat' dir='ltr'><strong>in</strong></span> <span class='ocrx_word' id='word_1_159' title='bbox 340 2035 531 2095; x_wconf 82' lang='lat' dir='ltr'><strong>solitudinem</strong></span> <span class='ocrx_word' id='word_1_160' title='bbox 558 2036 690 2114; x_wconf 84' lang='lat' dir='ltr'><strong>fugiunt,</strong></span> <span class='ocrx_word' id='word_1_161' title='bbox 720 2038 750 2094; x_wconf 90' lang='lat' dir='ltr'><strong>et</strong></span> <span class='ocrx_word' id='word_1_162' title='bbox 779 2035 831 2094; x_wconf 89' lang='lat' dir='ltr'><strong>ubi</strong></span> <span class='ocrx_word' id='word_1_163' title='bbox 859 2034 944 2093; x_wconf 87' lang='lat' dir='ltr'><strong>nulla</strong></span> <span class='ocrx_word' id='word_1_164' title='bbox 971 2053 1040 2113; x_wconf 89' lang='lat' dir='ltr'><strong>spes</strong></span> <span class='ocrx_word' id='word_1_165' title='bbox 1066 2035 1166 2095; x_wconf 72' lang='lat' dir='ltr'><strong>vitaer·</strong></span> 
     </span>
     <span class='ocr_line' id='line_1_22' title="bbox 136 2124 1139 2201; baseline -0.003 -16"><span class='ocrx_word' id='word_1_166' title='bbox 136 2127 282 2201; x_wconf 87' lang='lat' dir='ltr'><strong>superest,</strong></span> <span class='ocrx_word' id='word_1_167' title='bbox 308 2128 418 2185; x_wconf 87' lang='lat' dir='ltr'><strong>mortes</strong></span> <span class='ocrx_word' id='word_1_168' title='bbox 442 2142 510 2184; x_wconf 87' lang='lat' dir='ltr'><strong>suas</strong></span> <span class='ocrx_word' id='word_1_169' title='bbox 534 2124 731 2185; x_wconf 83' lang='lat' dir='ltr'><strong>abscondunt:</strong></span> <span class='ocrx_word' id='word_1_170' title='bbox 757 2125 819 2183; x_wconf 91' lang='lat' dir='ltr'><strong>iam</strong></span> <span class='ocrx_word' id='word_1_171' title='bbox 840 2124 980 2183; x_wconf 89' lang='lat' dir='ltr'><strong>morituri</strong></span> <span class='ocrx_word' id='word_1_172' title='bbox 1003 2124 1043 2184; x_wconf 89' lang='lat' dir='ltr'><strong>ad</strong></span> <span class='ocrx_word' id='word_1_173' title='bbox 1069 2125 1139 2183; x_wconf 82' lang='lat' dir='ltr'><strong>feras</strong></span> 
     </span>
     <span class='ocr_line' id='line_1_23' title="bbox 136 2215 319 2292; baseline -0.011 -19"><span class='ocrx_word' id='word_1_174' title='bbox 136 2215 319 2292; x_wconf 87' lang='lat' dir='ltr'><strong>confugiunt.</strong></span> 
     </span>
    </p>

    <p class='ocr_par' dir='ltr' id='par_1_4' title="bbox 82 2298 1165 2823">
     <span class='ocr_line' id='line_1_24' title="bbox 82 2298 1138 2376; baseline 0.006 -20"><span class='ocrx_word' id='word_1_175' title='bbox 82 2302 121 2357; x_wconf 75' lang='grc'><strong>28</strong></span> <span class='ocrx_word' id='word_1_176' title='bbox 202 2303 340 2376; x_wconf 89' lang='lat' dir='ltr'><strong>Dehisce,</strong></span> <span class='ocrx_word' id='word_1_177' title='bbox 363 2305 456 2376; x_wconf 84' lang='lat' dir='ltr'><strong>terra,</strong></span> <span class='ocrx_word' id='word_1_178' title='bbox 480 2304 510 2360; x_wconf 87' lang='lat' dir='ltr'><strong>et</strong></span> <span class='ocrx_word' id='word_1_179' title='bbox 527 2298 608 2361; x_wconf 86' lang='lat' dir='ltr'><strong>banc</strong></span> <span class='ocrx_word' id='word_1_180' title='bbox 629 2304 749 2362; x_wconf 85' lang='lat' dir='ltr'><strong>noxiam</strong></span> <span class='ocrx_word' id='word_1_181' title='bbox 772 2300 937 2375; x_wconf 76' lang='lat' dir='ltr'><strong>civitatem,</strong></span> <span class='ocrx_word' id='word_1_182' title='bbox 963 2302 989 2360; x_wconf 92' lang='lat' dir='ltr'><strong>si</strong></span> <span class='ocrx_word' id='word_1_183' title='bbox 1011 2303 1068 2362; x_wconf 90' lang='lat' dir='ltr'><strong>hoc</strong></span> <span class='ocrx_word' id='word_1_184' title='bbox 1089 2300 1138 2361; x_wconf 83' lang='lat' dir='ltr'><strong>sal·</strong></span> 
     </span>
     <span class='ocr_line' id='line_1_25' title="bbox 134 2389 1137 2466; baseline 0.001 -16"><span class='ocrx_word' id='word_1_185' title='bbox 134 2394 196 2450; x_wconf 89' lang='lat' dir='ltr'><strong>tem</strong></span> <span class='ocrx_word' id='word_1_186' title='bbox 223 2392 268 2450; x_wconf 87' lang='lat' dir='ltr'><strong>fas</strong></span> <span class='ocrx_word' id='word_1_187' title='bbox 297 2394 354 2466; x_wconf 89' lang='lat' dir='ltr'><strong>est,</strong></span> <span class='ocrx_word' id='word_1_188' title='bbox 385 2393 497 2450; x_wconf 88' lang='lat' dir='ltr'><strong>haustu</strong></span> <span class='ocrx_word' id='word_1_189' title='bbox 529 2391 629 2466; x_wconf 91' lang='lat' dir='ltr'><strong>aliquo</strong></span> <span class='ocrx_word' id='word_1_190' title='bbox 653 2390 691 2450; x_wconf 88' lang='lat' dir='ltr'><strong>ad</strong></span> <span class='ocrx_word' id='word_1_191' title='bbox 722 2391 832 2450; x_wconf 88' lang='lat' dir='ltr'><strong>inferos</strong></span> <span class='ocrx_word' id='word_1_192' title='bbox 860 2389 960 2449; x_wconf 85' lang='lat' dir='ltr'><strong>conde.</strong></span> <span class='ocrx_word' id='word_1_193' title='bbox 1007 2391 1137 2451; x_wconf 76' lang='lat' dir='ltr'><strong>caelestes</strong></span> 
     </span>
     <span class='ocr_line' id='line_1_26' title="bbox 136 2478 1165 2558; baseline -0.005 -20"><span class='ocrx_word' id='word_1_194' title='bbox 136 2499 223 2540; x_wconf 87' lang='lat' dir='ltr'><strong>auras</strong></span> <span class='ocrx_word' id='word_1_195' title='bbox 247 2482 448 2540; x_wconf 88' lang='lat' dir='ltr'><strong>contaminato</strong></span> <span class='ocrx_word' id='word_1_196' title='bbox 476 2480 583 2557; x_wconf 90' lang='lat' dir='ltr'><strong>spiritu</strong></span> <span class='ocrx_word' id='word_1_197' title='bbox 610 2478 770 2558; x_wconf 90' lang='lat' dir='ltr'><strong>polluimus</strong></span> <span class='ocrx_word' id='word_1_198' title='bbox 799 2482 829 2538; x_wconf 88' lang='lat' dir='ltr'><strong>et</strong></span> <span class='ocrx_word' id='word_1_199' title='bbox 856 2478 1002 2539; x_wconf 89' lang='lat' dir='ltr'><strong>sideribus</strong></span> <span class='ocrx_word' id='word_1_200' title='bbox 1031 2499 1066 2540; x_wconf 91' lang='lat' dir='ltr'><strong>ao</strong></span> <span class='ocrx_word' id='word_1_201' title='bbox 1087 2478 1165 2539; x_wconf 73' lang='lat' dir='ltr'><strong>dieis</strong></span> 
     </span>
     <span class='ocr_line' id='line_1_27' title="bbox 136 2569 1139 2647; baseline 0.001 -20"><span class='ocrx_word' id='word_1_202' title='bbox 136 2587 240 2647; x_wconf 83' lang='lat' dir='ltr'><strong>graves</strong></span> <span class='ocrx_word' id='word_1_203' title='bbox 263 2569 409 2628; x_wconf 88' lang='lat' dir='ltr'><strong>invidiam</strong></span> <span class='ocrx_word' id='word_1_204' title='bbox 427 2570 543 2628; x_wconf 89' lang='lat' dir='ltr'><strong>saeculo</strong></span> <span class='ocrx_word' id='word_1_205' title='bbox 566 2569 700 2629; x_wconf 87' lang='lat' dir='ltr'><strong>facimus.</strong></span> <span class='ocrx_word' id='word_1_206' title='bbox 736 2569 835 2628; x_wconf 89' lang='lat' dir='ltr'><strong>nullas</strong></span> <span class='ocrx_word' id='word_1_207' title='bbox 852 2569 913 2627; x_wconf 89' lang='lat' dir='ltr'><strong>iam</strong></span> <span class='ocrx_word' id='word_1_208' title='bbox 931 2587 1019 2644; x_wconf 85' lang='lat' dir='ltr'><strong>spero</strong></span> <span class='ocrx_word' id='word_1_209' title='bbox 1037 2569 1139 2647; x_wconf 72' lang='lat' dir='ltr'><strong>fruges</strong></span> 
     </span>
     <span class='ocr_line' id='line_1_28' title="bbox 136 2657 1139 2734; baseline -0.001 -19"><span class='ocrx_word' id='word_1_210' title='bbox 136 2658 282 2734; x_wconf 89' lang='lat' dir='ltr'><strong>propitios</strong></span> <span class='ocrx_word' id='word_1_211' title='bbox 310 2658 379 2717; x_wconf 86' lang='lat' dir='ltr'><strong>deos</strong></span> <span class='ocrx_word' id='word_1_212' title='bbox 407 2678 466 2717; x_wconf 92' lang='lat' dir='ltr'><strong>non</strong></span> <span class='ocrx_word' id='word_1_213' title='bbox 492 2677 614 2718; x_wconf 88' lang='lat' dir='ltr'><strong>mereor.</strong></span> <span class='ocrx_word' id='word_1_214' title='bbox 661 2657 808 2733; x_wconf 91' lang='lat' dir='ltr'><strong>quomodo</strong></span> <span class='ocrx_word' id='word_1_215' title='bbox 834 2675 882 2715; x_wconf 92' lang='lat' dir='ltr'><strong>me</strong></span> <span class='ocrx_word' id='word_1_216' title='bbox 905 2675 924 2715; x_wconf 88' lang='lat' dir='ltr'><strong>a</strong></span> <span class='ocrx_word' id='word_1_217' title='bbox 946 2657 1059 2718; x_wconf 89' lang='lat' dir='ltr'><strong>scelere</strong></span> <span class='ocrx_word' id='word_1_218' title='bbox 1083 2674 1139 2716; x_wconf 93' lang='lat' dir='ltr'><strong>meo</strong></span> 
     </span>
     <span class='ocr_line' id='line_1_29' title="bbox 136 2745 1141 2823; baseline 0.002 -19"><span class='ocrx_word' id='word_1_219' title='bbox 136 2745 327 2806; x_wconf 82' lang='lat' dir='ltr'><strong>divellerem‘?</strong></span> <span class='ocrx_word' id='word_1_220' title='bbox 349 2748 469 2823; x_wconf 80' lang='lat' dir='ltr'><strong>inques</strong></span> <span class='ocrx_word' id='word_1_221' title='bbox 488 2747 609 2806; x_wconf 88' lang='lat' dir='ltr'><strong>ultimas</strong></span> <span class='ocrx_word' id='word_1_222' title='bbox 627 2749 731 2821; x_wconf 87' lang='lat' dir='ltr'><strong>terras,</strong></span> <span class='ocrx_word' id='word_1_223' title='bbox 745 2765 821 2822; x_wconf 89' lang='lat' dir='ltr'><strong>quae</strong></span> <span class='ocrx_word' id='word_1_224' title='bbox 839 2745 1035 2822; x_wconf 87' lang='lat' dir='ltr'><strong>inhospitalia</strong></span> <span class='ocrx_word' id='word_1_225' title='bbox 1053 2747 1141 2806; x_wconf 81' lang='lat' dir='ltr'><strong>maria</strong></span> 
     </span>
    </p>
   </div>
   <div class='ocr_carea' id='block_1_3' title="bbox 135 2913 1141 3055">
    <p class='ocr_par' dir='ltr' id='par_1_5' title="bbox 135 2913 1141 3055">
     <span class='ocr_line' id='line_1_30' title="bbox 209 2913 1141 2989; baseline -0.004 -18"><span class='ocrx_word' id='word_1_226' title='bbox 209 2923 222 2970; x_wconf 93' lang='lat'>1</span> <span class='ocrx_word' id='word_1_227' title='bbox 242 2916 331 2971; x_wconf 88' lang='lat' dir='ltr'><strong>multa</strong></span> <span class='ocrx_word' id='word_1_228' title='bbox 348 2926 376 2970; x_wconf 80' lang='lat' dir='ltr'><em>B</em></span> <span class='ocrx_word' id='word_1_229' title='bbox 459 2913 601 2989; x_wconf 62' lang='lat' dir='ltr'><strong>tamenttt</strong></span> <span class='ocrx_word' id='word_1_230' title='bbox 619 2925 647 2969; x_wconf 80' lang='grc' dir='ltr'><em>Β</em></span> <span class='ocrx_word' id='word_1_231' title='bbox 731 2921 746 2970; x_wconf 83' lang='grc'>6</span> <span class='ocrx_word' id='word_1_232' title='bbox 766 2915 1078 2986; x_wconf 79' lang='lat' dir='ltr'><strong>concessit-populos</strong></span> <span class='ocrx_word' id='word_1_233' title='bbox 1095 2917 1141 2970; x_wconf 77' lang='grc' dir='ltr'>Η</span> 
     </span>
     <span class='ocr_line' id='line_1_31' title="bbox 135 2986 1141 3055; baseline -0.004 -13"><span class='ocrx_word' id='word_1_234' title='bbox 135 3005 185 3042; x_wconf 87' lang='lat' dir='ltr'><strong>om.</strong></span> <span class='ocrx_word' id='word_1_235' title='bbox 202 2997 244 3055; x_wconf 75' lang='lat' dir='ltr'><strong>M,</strong></span> <span class='ocrx_word' id='word_1_236' title='bbox 265 2989 343 3055; x_wconf 76' lang='lat' dir='ltr'><strong>iufra</strong></span> <span class='ocrx_word' id='word_1_237' title='bbox 360 2989 456 3043; x_wconf 78' lang='lat' dir='ltr'><strong>altimo</strong></span> <span class='ocrx_word' id='word_1_238' title='bbox 474 3005 553 3043; x_wconf 75' lang='lat' dir='ltr'><strong>ocrea</strong></span> <span class='ocrx_word' id='word_1_239' title='bbox 572 2986 634 3042; x_wconf 80' lang='lat' dir='ltr'><strong>odd.</strong></span> <span class='ocrx_word' id='word_1_240' title='bbox 649 3007 681 3039; x_wconf 81' lang='lat' dir='ltr'><strong>m</strong></span> <span class='ocrx_word' id='word_1_241' title='bbox 771 2987 870 3040; x_wconf 82' lang='lat' dir='ltr'><strong>8visa</strong></span> <span class='ocrx_word' id='word_1_242' title='bbox 887 3003 945 3042; x_wconf 90' lang='lat' dir='ltr'><strong>non</strong></span> <span class='ocrx_word' id='word_1_243' title='bbox 963 2990 1032 3041; x_wconf 85' lang='lat' dir='ltr'><strong>ante</strong></span> <span class='ocrx_word' id='word_1_244' title='bbox 1050 3005 1099 3043; x_wconf 86' lang='lat' dir='ltr'><strong>nos</strong></span> <span class='ocrx_word' id='word_1_245' title='bbox 1117 2998 1141 3039; x_wconf 72' lang='lat' dir='ltr'><strong>e:</strong></span> 
     </span>
    </p>
   </div>
   <div class='ocr_carea' id='block_1_4' title="bbox 135 3075 1143 3235">
    <p class='ocr_par' dir='ltr' id='par_1_6' title="bbox 135 3075 1143 3235">
     <span class='ocr_line' id='line_1_32' title="bbox 135 3075 1142 3164; baseline -0.002 -17"><span class='ocrx_word' id='word_1_246' title='bbox 135 3094 177 3147; x_wconf 87' lang='lat' dir='ltr'><strong>vis</strong></span> <span class='ocrx_word' id='word_1_247' title='bbox 201 3110 287 3149; x_wconf 85' lang='lat' dir='ltr'><strong>annos</strong></span> <span class='ocrx_word' id='word_1_248' title='bbox 306 3103 410 3161; x_wconf 74' lang='lat' dir='ltr'><strong>BVPo3</strong></span> <span class='ocrx_word' id='word_1_249' title='bbox 433 3075 485 3148; x_wconf 67' lang='lat' dir='ltr'><strong>rid·</strong></span> <span class='ocrx_word' id='word_1_250' title='bbox 502 3097 705 3164; x_wconf 79' lang='lat' dir='ltr'><strong>(=qcottoor;</strong></span> <span class='ocrx_word' id='word_1_251' title='bbox 728 3110 759 3147; x_wconf 90' lang='lat' dir='ltr'><strong>or</strong></span> <span class='ocrx_word' id='word_1_252' title='bbox 780 3094 912 3162; x_wconf 69' lang='lat' dir='ltr'><strong>sapam)</strong></span> <span class='ocrx_word' id='word_1_253' title='bbox 935 3108 1025 3148; x_wconf 87' lang='lat' dir='ltr'><strong>annos</strong></span> <span class='ocrx_word' id='word_1_254' title='bbox 1044 3103 1087 3159; x_wconf 71' lang='lat' dir='ltr'><strong>n,</strong></span> <span class='ocrx_word' id='word_1_255' title='bbox 1106 3093 1142 3146; x_wconf 82' lang='lat' dir='ltr'><strong>ris</strong></span> 
     </span>
     <span class='ocr_line' id='line_1_33' title="bbox 137 3164 1143 3235; baseline -0.004 -15"><span class='ocrx_word' id='word_1_256' title='bbox 137 3182 224 3235; x_wconf 76' lang='lat' dir='ltr'><strong>agnos</strong></span> <span class='ocrx_word' id='word_1_257' title='bbox 243 3174 369 3220; x_wconf 83' lang='lat' dir='ltr'><strong>annoss</strong></span> <span class='ocrx_word' id='word_1_258' title='bbox 442 3170 474 3219; x_wconf 91' lang='lat'><strong>10</strong></span> <span class='ocrx_word' id='word_1_259' title='bbox 493 3165 547 3220; x_wconf 90' lang='lat' dir='ltr'><strong>hoc</strong></span> <span class='ocrx_word' id='word_1_260' title='bbox 566 3181 655 3219; x_wconf 88' lang='lat' dir='ltr'><strong>rorem</strong></span> <span class='ocrx_word' id='word_1_261' title='bbox 669 3173 698 3218; x_wconf 73' lang='lat' dir='ltr'><em>B</em></span> <span class='ocrx_word' id='word_1_262' title='bbox 766 3164 922 3219; x_wconf 86' lang='lat' dir='ltr'><strong>reetrinctis</strong></span> <span class='ocrx_word' id='word_1_263' title='bbox 941 3173 962 3216; x_wconf 72' lang='grc' dir='ltr'>Γ</span> <span class='ocrx_word' id='word_1_264' title='bbox 1035 3164 1143 3233; x_wconf 82' lang='lat' dir='ltr'><strong>abrupi·</strong></span> 
     </span>
    </p>
   </div>
   <div class='ocr_carea' id='block_1_5' title="bbox 127 3241 1150 3616">
    <p class='ocr_par' dir='ltr' id='par_1_7' title="bbox 127 3241 1150 3616">
     <span class='ocr_line' id='line_1_34' title="bbox 136 3241 1145 3341; baseline -0.002 -15"><span class='ocrx_word' id='word_1_265' title='bbox 136 3290 197 3326; x_wconf 89' lang='lat' dir='ltr'><strong>mus</strong></span> <span class='ocrx_word' id='word_1_266' title='bbox 216 3282 257 3325; x_wconf 81' lang='lat' dir='ltr'><strong>so</strong></span> <span class='ocrx_word' id='word_1_267' title='bbox 327 3277 358 3326; x_wconf 93' lang='lat'><strong>11</strong></span> <span class='ocrx_word' id='word_1_268' title='bbox 384 3271 520 3326; x_wconf 86' lang='lat' dir='ltr'><strong>cadavera</strong></span> <span class='ocrx_word' id='word_1_269' title='bbox 538 3289 572 3326; x_wconf 77' lang='lat' dir='ltr'><strong>ea</strong></span> <span class='ocrx_word' id='word_1_270' title='bbox 589 3271 626 3325; x_wconf 88' lang='lat' dir='ltr'><strong>·ri</strong></span> <span class='ocrx_word' id='word_1_271' title='bbox 645 3281 677 3325; x_wconf 78' lang='grc'><strong>11</strong></span> <span class='ocrx_word' id='word_1_272' title='bbox 747 3277 780 3326; x_wconf 76' lang='grc'><strong>15</strong></span> <span class='ocrx_word' id='word_1_273' title='bbox 801 3241 970 3341; x_wconf 52' lang='grc' dir='ltr'><strong>ἂρθοώξ</strong></span> <span class='ocrx_word' id='word_1_274' title='bbox 986 3280 1027 3339; x_wconf 69' lang='grc' dir='ltr'><strong>Βς</strong></span> <span class='ocrx_word' id='word_1_275' title='bbox 1051 3287 1145 3341; x_wconf 85' lang='lat' dir='ltr'><strong>expec-</strong></span> 
     </span>
     <span class='ocr_line' id='line_1_35' title="bbox 136 3342 1145 3410; baseline -0.002 -13"><span class='ocrx_word' id='word_1_276' title='bbox 136 3345 219 3397; x_wconf 88' lang='lat' dir='ltr'><strong>tantu</strong></span> <span class='ocrx_word' id='word_1_277' title='bbox 233 3353 260 3396; x_wconf 85' lang='grc' dir='ltr'><strong>Ρ</strong></span> <span class='ocrx_word' id='word_1_278' title='bbox 313 3349 345 3398; x_wconf 85' lang='grc'><strong>16</strong></span> <span class='ocrx_word' id='word_1_279' title='bbox 365 3342 473 3399; x_wconf 86' lang='lat' dir='ltr'><strong>decimo</strong></span> <span class='ocrx_word' id='word_1_280' title='bbox 487 3358 594 3397; x_wconf 86' lang='lat' dir='ltr'><strong>mense:</strong></span> <span class='ocrx_word' id='word_1_281' title='bbox 614 3343 735 3397; x_wconf 83' lang='lat' dir='ltr'><strong>decirirse</strong></span> <span class='ocrx_word' id='word_1_282' title='bbox 753 3351 792 3410; x_wconf 71' lang='lat'><strong>⁸3</strong></span> <span class='ocrx_word' id='word_1_283' title='bbox 812 3359 828 3398; x_wconf 95' lang='lat' dir='ltr'><strong>o</strong></span> <span class='ocrx_word' id='word_1_284' title='bbox 846 3345 878 3397; x_wconf 74' lang='lat' dir='ltr'><strong>in</strong></span> <span class='ocrx_word' id='word_1_285' title='bbox 894 3358 949 3397; x_wconf 85' lang='lat' dir='ltr'><strong>roe.</strong></span> <span class='ocrx_word' id='word_1_286' title='bbox 965 3349 998 3395; x_wconf 72' lang='grc' dir='ltr'><em>Μ</em></span> <span class='ocrx_word' id='word_1_287' title='bbox 1051 3348 1084 3396; x_wconf 76' lang='grc'><strong>19</strong></span> <span class='ocrx_word' id='word_1_288' title='bbox 1102 3358 1145 3395; x_wconf 81' lang='lat' dir='ltr'><strong>ex·</strong></span> 
     </span>
     <span class='ocr_line' id='line_1_36' title="bbox 135 3412 1147 3485; baseline 0 -17"><span class='ocrx_word' id='word_1_289' title='bbox 135 3415 260 3484; x_wconf 88' lang='lat' dir='ltr'><strong>pirantes</strong></span> <span class='ocrx_word' id='word_1_290' title='bbox 279 3427 308 3468; x_wconf 82' lang='lat' dir='ltr'><strong>o:</strong></span> <span class='ocrx_word' id='word_1_291' title='bbox 333 3414 490 3484; x_wconf 84' lang='lat' dir='ltr'><strong>aspirantes</strong></span> <span class='ocrx_word' id='word_1_292' title='bbox 510 3435 540 3481; x_wconf 71' lang='grc' dir='ltr'><strong>ας</strong></span> <span class='ocrx_word' id='word_1_293' title='bbox 564 3412 703 3484; x_wconf 84' lang='lat' dir='ltr'><strong>spirantes</strong></span> <span class='ocrx_word' id='word_1_294' title='bbox 721 3427 754 3479; x_wconf 70' lang='grc' dir='ltr'><strong>βγ</strong></span> <span class='ocrx_word' id='word_1_295' title='bbox 842 3418 876 3468; x_wconf 77' lang='lat'><strong>20</strong></span> <span class='ocrx_word' id='word_1_296' title='bbox 899 3413 1147 3485; x_wconf 70' lang='lat' dir='ltr'><strong>et—oonfugiunt</strong></span> 
     </span>
     <span class='ocr_line' id='line_1_37' title="bbox 136 3484 1150 3551; baseline 0.002 -13"><span class='ocrx_word' id='word_1_297' title='bbox 136 3487 206 3540; x_wconf 82' lang='lat' dir='ltr'><strong>l22</strong></span> <span class='ocrx_word' id='word_1_298' title='bbox 224 3495 317 3541; x_wconf 68' lang='lat' dir='ltr'><strong>oran</strong></span> <span class='ocrx_word' id='word_1_299' title='bbox 392 3492 424 3541; x_wconf 81' lang='lat'><strong>21</strong></span> <span class='ocrx_word' id='word_1_300' title='bbox 444 3485 542 3540; x_wconf 84' lang='lat' dir='ltr'><strong>mortis</strong></span> <span class='ocrx_word' id='word_1_301' title='bbox 560 3494 582 3538; x_wconf 72' lang='lat' dir='ltr'><em>V</em></span> <span class='ocrx_word' id='word_1_302' title='bbox 649 3490 683 3539; x_wconf 75' lang='lat'><strong>24</strong></span> <span class='ocrx_word' id='word_1_303' title='bbox 701 3484 830 3550; x_wconf 67' lang='lat' dir='ltr'><strong>haustis</strong></span> <span class='ocrx_word' id='word_1_304' title='bbox 901 3488 934 3539; x_wconf 75' lang='lat'><strong>25</strong></span> <span class='ocrx_word' id='word_1_305' title='bbox 955 3499 1039 3540; x_wconf 84' lang='lat' dir='ltr'><strong>auree</strong></span> <span class='ocrx_word' id='word_1_306' title='bbox 1056 3493 1150 3551; x_wconf 66' lang='lat' dir='ltr'><strong>nu</strong></span> 
     </span>
     <span class='ocr_line' id='line_1_38' title="bbox 127 3557 589 3616; baseline -0.004 -4"><span class='ocrx_word' id='word_1_307' title='bbox 127 3563 166 3612; x_wconf 83' lang='lat'><strong>27</strong></span> <span class='ocrx_word' id='word_1_308' title='bbox 184 3558 222 3614; x_wconf 88' lang='lat' dir='ltr'><strong>ab</strong></span> <span class='ocrx_word' id='word_1_309' title='bbox 243 3568 277 3615; x_wconf 72' lang='grc' dir='ltr'><em>Μ</em></span> <span class='ocrx_word' id='word_1_310' title='bbox 347 3557 467 3616; x_wconf 78' lang='lat' dir='ltr'><strong>scelere:</strong></span> <span class='ocrx_word' id='word_1_311' title='bbox 487 3557 545 3614; x_wconf 87' lang='lat' dir='ltr'><strong>solo</strong></span> <span class='ocrx_word' id='word_1_312' title='bbox 566 3566 589 3610; x_wconf 78' lang='lat'><strong>1·</strong></span> 
     </span>
    </p>
   </div>
   <div class='ocr_carea' id='block_1_6' title="bbox 0 0 1211 3840">
    <p class='ocr_par' dir='ltr' id='par_1_8' title="bbox 0 0 1211 3840">
     <span class='ocr_line' id='line_1_39' title="bbox 0 0 1211 3840; baseline 0 0"><span class='ocrx_word' id='word_1_313' title='bbox 0 0 1211 3840; x_wconf 95' lang='lat' dir='ltr'><strong> </strong></span> 
     </span>
    </p>
   </div>
  </div>
 </body>
</html>
