2408 3840
422 127 656 184 DEcLAMATIO
674 128 713 183 IV
728 134 804 183 '1—9.
1073 128 1114 192 75

101 298 172 375 quid
200 297 282 374 apud
309 297 458 356 bominem
485 299 626 373 pruritu
653 297 712 356 dici
738 298 850 372 potest,
877 299 943 373 ipsa
970 297 1027 356 sibi
1049 299 1115 356 vita

102 407 162 446 non
179 386 296 446 dixerit.
334 385 414 445 abite
432 387 656 463 gratulationes,
677 386 762 445 silete
781 385 953 461 blanditiae,
976 385 1114 462 quotiens

103 477 163 535 iam
188 477 306 552 putatis
332 476 464 534 noluisse
490 495 538 535 1111
567 473 663 534 mori?
708 477 838 551 primum
866 475 921 534 hoc
951 477 1114 535 maximum

104 565 180 640 quod
209 584 263 641 pro
285 564 491 624 incolumitate
518 565 646 623 hominis
670 566 779 623 natiue
804 566 972 623 commenta
995 566 1053 638 est,
1079 567 1115 624 ut

71 674 89 715 1
101 653 265 730 periremus
286 654 391 728 inviti,
419 655 450 712 et
472 656 575 712 contra
597 656 644 712 tot
666 654 805 714 adversos
827 671 926 727 casus,
951 653 1114 729 patientiae

99 743 186 803 nobis
205 743 441 819 aequanimitate
454 745 644 802 succurreret.
680 742 749 801 inde
764 741 903 818 estquod
920 742 999 800 inter
1016 741 1114 801 luctus

100 834 131 892 11
159 831 382 907 desperationes
413 830 510 890 foeda.
529 832 691 890 vivacitate
721 831 871 890 duramus.
917 850 955 889 an
985 848 1037 889 vos
1067 849 1115 889 me

99 923 217 980 moveri
238 940 298 981 non
321 919 441 980 creditis
465 918 545 996 quod
566 922 684 980 iuvenis
706 918 783 979 sim?
820 920 899 995 quod
922 917 1114 978 modovitae

100 1010 282 1085 voluptates,
304 1009 393 1069 modo
416 1009 526 1087 gaudia
547 1008 623 1068 lucis
640 1009 790 1086 ingressus
809 1007 895 1068 sum?
933 1010 1115 1084 quantopere

57 1099 179 1162 1111111ιί
209 1097 363 1157 blanditur
386 1098 471 1174 quod
496 1097 623 1174 publicis
650 1117 686 1157 ex
713 1101 775 1159 acie
806 1099 976 1174 reportatus
1006 1097 1115 1156 umeris

100 1187 251 1246 laetitiam
273 1186 405 1246 civitatis
427 1185 571 1262 implevi?
608 1189 745 1263 quotiens
767 1187 932 1246 mehercule
955 1187 1028 1245 haec
1050 1186 1115 1244 vul·

101 1295 175 1336 nera
203 1279 234 1335 11
259 1278 392 1335 rorantia
419 1276 523 1336 hostili
550 1294 652 1335 cruore
685 1295 767 1335 arma
799 1275 950 1352 conspexi,
983 1277 1115 1334 animum

101 1383 194 1441 supra
220 1366 420 1425 necessitates
438 1367 534 1442 erigo,
563 1383 654 1440 supra
679 1365 778 1424 fatum
804 1384 891 1440 pono.
936 1364 988 1424 sed
1016 1365 1115 1430 omnia

101 1455 178 1514 mibi
202 1455 264 1513 iam
290 1454 434 1529 discussa,
464 1456 640 1530 consumpta
662 1457 745 1528 sunt,
772 1456 803 1513 et
825 1455 951 1514 honesta
971 1453 1116 1530 pereundi

56 1564 87 1606 ro
100 1545 220 1602 ratione
241 1544 324 1603 ricta
346 1545 503 1602 cesserunt.
550 1543 623 1618 quid
648 1543 725 1602 mibi
740 1544 875 1618 ,amplius
899 1562 966 1602 cum
993 1561 1116 1618 corpore

101 1632 184 1709 quod
207 1632 333 1692 odenmt
351 1632 429 1692 oculi
450 1629 518 1691 sui?
541 1651 609 1691 cum
627 1650 685 1708 quo
705 1631 814 1691 cotidie
831 1650 994 1707 properans
1015 1633 1116 1690 anima

100 1719 239 1780 rixatur?
274 1740 335 1780 non
357 1724 428 1780 sunt
449 1740 516 1780 mea
538 1720 671 1780 mambra
690 1740 766 1797 quae
789 1722 902 1796 possim
919 1720 1005 1780 velut
1021 1721 1115 1779 hostis

102 1810 230 1871 alicuius
253 1811 391 1885 lacerare,
414 1810 578 1870 confodere.
615 1810 729 1870 homini
753 1811 805 1885 qui
823 1811 912 1869 semel
930 1810 1116 1868 renuntiavit

101 1899 191 1958 rebus
214 1900 361 1974 humanis,
383 1919 452 1958 non·
464 1898 600 1959 redditur
617 1899 691 1972 vita,
714 1899 766 1958 sed
783 1902 910 1975 tempus,
934 1900 1047 1974 etipsa
1066 1917 1114 1956 cu·
1140 1938 1162 1971 ,-

59 2009 89 2050 aa
101 1987 215 2064 piditas
237 1990 373 2065 ratioque
395 1988 537 2064 pereundi
558 1987 615 2046 boc
632 1988 698 2063 ipsc
717 2007 775 2063 quo
794 1991 939 2062 vetamur,
962 1987 1115 2047 adcrescit.

101 2077 220 2136 felicior
232 2077 412 2137 mehercules
426 2077 479 2152 qui
492 2077 627 2151 moritur,
646 2079 807 2152 antequam
822 2076 936 2151 debeat,
955 2080 1116 2152 antequam

102 2166 185 2226 velit
231 2185 325 2241 paene
352 2185 417 2225 sero
443 2167 598 2226 renuntiat
619 2167 701 2225 vitae
724 2167 848 2241 quisque
875 2167 919 2224 sic
941 2165 981 2225 ad
1005 2165 1117 2224 1111111111

102 2256 253 2331 pervenit,
280 2257 315 2314 ut
341 2255 398 2315 hoo
422 2256 510 2314 illum
534 2255 632 2315 facere
654 2274 741 2315 nemo
768 2256 902 2313 miretur.
947 2255 975 2312 ei
990 2256 1117 2313 tantum

102 2344 192 2403 debet
213 2363 293 2404 mors
315 2345 428 2421 negari,
452 2343 488 2403 de
507 2361 566 2419 quo
587 2362 648 2403 non
667 2342 778 2402 sufficit
800 2344 856 2402 hoc
878 2361 991 2418 poenae
1014 2339 1116 2469 genus,

61 2434 170 2494 aaut
161 2450 225 2508 ipse
248 2450 279 2492 se
302 2433 402 2508 potius
425 2432 549 2493 occidat.
618 2458 621 2462 >

171 2521 251 2580 Nam
278 2522 357 2596 quod
384 2523 432 2580 lex
458 2523 558 2595 iussit,
588 2524 623 2580 ut
649 2520 811 2580 moriturus
837 2520 975 2580 redderet
1003 2537 1114 2594 causas,
1133 2519 1152 2575 9

103 2611 185 2688 quod
207 2611 391 2686 insepultum
408 2612 505 2670 voluit
527 2610 614 2686 abici,
637 2611 724 2670 sisic
745 2612 933 2685 properasset
955 2628 1117 2684 erumpere,

103 2702 140 2758 ut
157 2718 217 2759 non
235 2701 388 2759 nuntiaret
405 2700 460 2759 hoc
478 2701 570 2776 prius,
593 2718 653 2758 non
671 2700 824 2774 1111111111,
847 2698 964 2758 fallitur
981 2699 1116 2775 quisquis

104 2787 172 2848 ideo
200 2789 314 2847 factum
336 2791 437 2865 putat,
465 2790 500 2846 ut
521 2790 688 2849 teneremur
715 2789 746 2845 in
769 2789 841 2847 vita.
886 2788 940 2845 illa
963 2806 1032 2846 vero
1057 2805 1117 2845 non

61 2878 192 2940 sotimat
218 2877 362 2953 pereundi
392 2877 604 2952 temeritatem,
636 2896 689 2936 nec
717 2879 862 2936 secretum
889 2871 998 2935 doloris
1026 2877 1117 2935 alieni

102 2966 232 3026 libenter
249 2966 383 3043 inquirit.
420 2965 533 3027 sciebat
554 2966 623 3026 illos
646 2985 706 3025 non
730 2965 817 3058 aliter
840 2983 962 3029 ausuros
985 2965 1117 3041 proferre

176 3154 424 3226 lingcolumitate
441 3159 468 3225 (1
488 3155 539 3209 litt.
553 3155 601 3224 cr)
614 3162 643 3206 Β
712 3159 856 3207 81111111
874 3162 959 3217 nvait
1021 3170 1083 3206 sum
1100 3161 1122 3204 V

104 3229 248 3295 9quanto
267 3242 350 3295 opere
372 3234 394 3278 V
451 3231 483 3279 12
503 3225 654 3298 conspexi}
672 3226 802 3296 (111111
855 3230 887 3278 13
906 3223 1044 3277 fatumt:
1063 3222 1117 3277 fre-

103 3302 166 3352 tum
184 3321 207 3351 ω
281 3302 314 3349 14
336 3296 436 3351 honest
437 3312 452 3350 e
469 3304 529 3350 1111
544 3295 598 3365 (vel
615 3280 734 3350 honesta
752 3298 792 3365 m)
867 3287 1119 3378 16111ξ(1)1

104 3375 139 3423 21
162 3369 213 3437 qui
236 3383 292 3421 uon
314 3368 432 3422 moritur
453 3376 482 3420 Β
552 3373 585 3421 22
609 3368 728 3436 quisque
752 3381 798 3432 aa·
824 3366 951 3451 quisquis
969 3378 1007 3429 ro
1076 3365 1118 3420 sic

103 3453 192 3496 11111
262 3439 530 3503 271111111111111
601 3444 635 3492 28
654 3438 803 3492 fallitur:
794 3441 855 3492 itu
872 3455 926 3494 ras
937 3446 965 3490 Β
1034 3437 1123 3491 29111

104 3511 177 3567 vita:
196 3510 314 3566 invitis
385 3515 418 3564 31
439 3509 558 3564 sciebat:
574 3509 603 3565 11
622 3512 653 3566 iu
671 3520 760 3568 raso
