2408 3840
354 154 588 210 DECLAMATIO
607 155 684 210 XVII
694 152 776 210 '1-3.
1007 155 1072 221 303

57 324 139 401 qued
171 323 271 383 effudi.
317 325 388 384 licet
417 324 512 400 igitur
543 323 751 383 inmitissimus
778 343 866 383 senex
896 324 1073 385 confundere

55 413 195 491 publicos
222 416 345 472 conetur
367 412 502 472 adiectus
526 413 714 488 querelarum
735 413 833 472 fronte
860 416 990 488 mutata,
1013 433 1073 473 non

56 521 161 564 snmus
183 503 255 562 novi
271 501 356 562 vobis
379 505 533 561 accusator
555 503 586 561 et
602 519 680 576 reus,
702 521 756 561 nec
773 520 827 561 nos
844 503 933 561 modo
951 503 1073 578 pietatis

57 609 181 652 aversae
210 609 312 650 recens
344 591 476 650 adseruit
506 591 681 651 inmanitass
712 590 893 667 parricidam
921 611 969 651 me
1001 593 1073 665 olim

29 683 155 746 evocat.
200 681 246 738 ita
268 683 313 739 est
340 680 431 755 enim,
458 680 584 754 iudices,
610 680 654 738 ita
677 683 736 754 est,
758 679 819 739 iam
841 679 956 756 pridem
978 680 1073 740 homi-

56 789 132 829 num
153 769 351 828 nefandorum
373 768 444 828 solis
467 768 635 828 nominibus
657 772 820 828 accusatur.
858 770 900 828 sic
922 769 997 828 mihi
1018 770 1073 828 illa

56 858 156 936 prima
183 857 278 934 patris
305 857 460 917 maledixit
487 859 639 933 asperitas.
685 858 734 916 hic
762 861 807 917 est
833 859 885 917 ille
909 877 996 933 quem
1024 858 1073 916 de·

56 948 154 1007 sinere
176 947 238 1005 iam
259 947 427 1022 insacratis,
456 947 508 1022 qui
531 965 647 1023 semper
670 947 708 1006 ad
731 965 784 1006 vos
808 949 934 1006 recurrit
957 950 987 1006 et
1008 950 1073 1006 vin-

56 1037 145 1096 citur.
191 1036 319 1111 fallitur,
343 1035 476 1111 quisquis
498 1036 584 1094 illam
607 1034 643 1094 de
665 1036 797 1095 moribus
820 1037 899 1095 senis
920 1036 1073 1096 lassitudi-

17 1149 44 1190 ιο
56 1145 128 1185 nem
150 1124 199 1184 vel
220 1124 399 1201 patientiam
417 1127 525 1200 speret
561 1126 643 1200 patri
662 1126 714 1200 qui
732 1124 869 1184 abdicere
887 1144 946 1185 non
964 1125 1074 1201 potuit,

56 1215 158 1273 minus
181 1217 227 1274 est
248 1213 329 1274 filins
351 1232 459 1273 nocens
483 1233 573 1290 quam
596 1213 759 1273 absolutus.

125 1301 151 1362 Ο
173 1303 445 1379 pertinacissimum
466 1306 672 1362 accusatorum
694 1321 801 1382 genus,
823 1304 897 1362 victi
918 1304 1108 1379 parentestt

57 1391 130 1452 dum
149 1393 359 1452 auctoritatem
376 1393 505 1452 nominis
522 1392 615 1452 vestri
627 1393 735 1451 fortius
749 1391 915 1468 imperiosis
934 1391 1071 1452 adseritis

57 1480 225 1541 adfectibus
248 1484 287 1556 et,
309 1500 347 1540 ne
363 1481 508 1557 pudorem
525 1482 800 1557 paenitentiamquc
817 1482 982 1557 fateamini,
1005 1499 1073 1540 con-

20 1591 45 1634 is
56 1571 194 1630 tumacia
210 1569 370 1630 vindicatis
391 1588 529 1645 errorem,
552 1568 773 1630 calamitatibus
791 1571 864 1629 meis
883 1571 1016 1646 accessit,
1038 1574 1073 1630 ut

56 1661 105 1719 ter
128 1659 305 1718 absolverer.
350 1677 478 1736 namque
506 1661 628 1718 uteret
653 1661 686 1718 in
713 1677 896 1735 supervacuo
920 1660 988 1719 odio
1013 1661 1074 1718 mei

57 1766 147 1808 mnan
174 1748 271 1825 prima
298 1749 364 1807 luce
392 1748 566 1824 deprensus,
593 1748 669 1807 ferre
696 1765 757 1808 non
783 1749 883 1825 potuit
905 1748 986 1824 quod
1007 1748 1072 1806 red·

58 1836 151 1897 dabar
176 1835 287 1910 invito,
314 1839 359 1912 et,
385 1839 457 1913 quia
483 1856 502 1896 a
528 1835 675 1896 iudicibus
703 1857 763 1897 non
789 1839 1006 1915 inpetrarcrat‚
1037 1840 1073 1897 ut

59 1925 221 2001 abdicaret,
244 1925 323 2002 apud
342 1943 374 1985 se
395 1926 503 2001 tenuit,
526 1945 563 1984 ne
582 1926 729 1987 desineret
750 1926 806 1986 hoc
824 1927 910 1986 velle.
946 1926 1073 1985 credidit

22 2016 164 2078 ”tamen
186 2014 303 2090 aliquid
328 2015 532 2091 profecturum
554 2016 744 2091 querelarum
766 2035 864 2076 errore
890 2016 1018 2091 repetito
1042 2017 1073 2073 et

60 2103 195 2181 speravit
212 2106 298 2163 iuxta
315 2106 534 2164 contentionem
552 2123 646 2180 suam,
668 2107 703 2164 ut
720 2106 893 2165 lassesceret
911 2102 1072 2180 aliquando

57 2212 112 2269 pro
139 2212 188 2252 me
214 2193 294 2251 iusta
320 2195 480 2253 miseratio.
528 2193 601 2270 quid
627 2194 756 2254 facerem
781 2191 896 2271 igitur?
923 2211 982 2268 quo
1006 2210 1073 2251 ver·

57 2285 153 2342 terem
175 2283 236 2340 iam
257 2281 417 2360 fatigatam
439 2281 665 2342 innocentiam?
699 2302 753 2342 nec
776 2283 856 2341 exire
878 2301 924 2340 mc
948 2280 1073 2340 decebat

57 2389 93 2431 ex
116 2371 214 2446 domo,
236 2390 273 2430 ne
295 2371 412 2430 viderer
434 2371 577 2447 quicquid
598 2390 651 2431 ros
673 2391 735 2431 non
757 2370 957 2445 credideratis,
980 2389 1072 2448 agno-

20 2479 152 2535 sescem,
175 2479 229 2520 nec
251 2463 405 2537 expectare
426 2462 576 2536 poteram,
602 2480 670 2520 cum
692 2460 767 2519 mihi
789 2478 891 2519 rursus
915 2460 1005 2518 aliam
1028 2477 1071 2520 se·

57 2548 135 2608 mem
162 2550 310 2608 malorum
339 2549 516 2624 minaretur,
548 2550 628 2626 quod
654 2569 701 2608 me
728 2550 789 2608 iam
821 2551 960 2626 coeperat
984 2552 1073 2625 pater

59 2637 248 2699 contentione
271 2657 329 2714 qua
351 2638 435 2698 vobis
458 2638 650 2713 irascebatur,
673 2638 777 2699 odisse.
823 2639 944 2698 tandem
966 2639 1071 2698 infelix

131 2842 272 2914 leffudig
289 2852 321 2897 11
376 2842 585 2897 inmittissimus
602 2853 631 2897 Β
701 2846 884 2898 3accusatur
901 2853 930 2897 B
986 2844 1072 2897 tad-

58 2959 204 3018 aarum&
223 2949 374 3004 adseritur
435 2931 611 3005 thominbm
624 2960 653 3004 B
705 2955 739 3004 10
758 2950 827 3019 quid
840 2959 862 3002 V
917 2956 1072 3004 11nocene

58 3022 194 3092 alligatus
218 3037 303 3090 quam
322 3031 354 3075 11
441 3027 474 3074 13
497 3022 584 3076 vestri
601 3032 635 3077 J:
658 3021 757 3076 vestris
776 3031 842 3087 acl!
930 3022 1069 3103 lemeis:

55 3146 168 3201 viris?
237 3145 469 3200 accessit-erat
487 3147 503 3200 l.
519 3150 556 3200 16
574 3159 660 3201 ceap
744 3153 776 3200 16
795 3110 944 3212 renim
962 3109 1021 3200 tl?

57 3224 91 3273 1⁷
112 3233 193 3272 senes
212 3226 233 3268 V
272 3216 347 3271 luce:
366 3216 417 3271 lite
433 3218 495 3274 Oba
543 3222 576 3271 18
595 3217 806 3293 qniaiamaB
850 3222 883 3271 19
903 3217 1010 3271 credidi
1024 3224 1075 3270 BV

56 3329 91 3380 20
112 3304 205 3378 errare
219 3333 259 3391 Βς
277 3325 382 3379 terrore
396 3325 452 3378 Ba.
507 3322 639 3394 repetitio
653 3333 693 3394 B3
712 3333 797 3381 coav
848 3329 888 3378 ‘li
902 3323 1032 3377 iustam

56 3411 138 3450 suam
153 3412 202 3450 oms
216 3403 253 3461 M,
324 3412 387 3449 am
439 3394 670 3454 lacesseretur!
729 3405 767 3455 ‘22
781 3399 906 3453 iuxtav
965 3404 1108 3461 queaer-

50 3470 152 3518 terem:
165 3465 241 3529 quod
253 3480 284 3516 ve
306 3481 349 3518 em
358 3475 415 3520 BV
484 3473 520 3523 23
538 3471 637 3529 excire
651 3483 682 3528 Β
762 3470 889 3529 dicebat
904 3474 966 3523 ml
980 3457 1130 3534 &casaub

36 3538 73 3582 ²¹
89 3538 210 3582 ”⁰⁸⁸⁷
259 3539 297 3588 26
310 3537 467 3605 satorem.
482 3551 527 3614 Μ,
543 3546 617 3605 add.
633 3571 668 3604 m
734 3554 773 3604 ‘l'l
799 3545 906 3603 odisse
922 3531 1110 3596 caauffissffi
1124 3526 1148 3569 Ὺ
