2408 3840
136 170 202 234 272
528 166 602 221 ODlI
620 165 727 222 ΡΟΤΙΟ
746 166 760 220 Ι
843 174 848 182 ’

136 338 271 415 invigilo,
290 355 344 395 neo
358 337 461 396 efferas
476 331 654 412 cupiditates
672 355 727 412 per
743 336 875 395 inlicitos
889 335 965 394 duco
984 336 1150 410 conplexus.

138 428 274 485 inventas
302 426 388 484 credo
416 426 597 498 meretrices,
629 430 664 482 ut
695 427 773 484 esset
800 423 915 500 aliquid
942 423 1022 500 quod
1049 424 1153 482 liceret

138 535 238 574 amare
265 515 454 591 pauperibus.
499 514 614 572 nullam
637 533 691 592 ego
720 516 798 572 circa
820 531 946 590 corpora
972 514 1033 572 ista
1058 514 1151 572 consi·

138 608 216 663 stere
244 603 453 679 inpatientiam
482 606 563 678 puto.
610 603 778 680 diligtmtur
807 602 955 661 inmodice
984 602 1050 661 sola
1077 618 1152 676 quae

139 713 198 752 non
221 694 319 751 licent.
357 696 391 751 ut
408 694 441 750 in
458 693 589 750 furorem
608 693 718 750 caritas
737 692 840 767 aliqua
857 691 1056 765 convalescat,
1079 709 1152 766 opus
1172 709 1185 750 s

140 785 184 841 est
203 781 437 840 difficultatibus.
474 780 573 839 brevis
596 781 632 839 de
650 781 804 855 concessis,
827 780 879 840 sed
896 781 1000 840 statim
1018 780 1153 838 satietati

140 873 254 930 vicinus
278 869 411 929 adfectus
435 872 486 929 est.
524 888 584 927 non
605 869 697 944 fovet,
723 887 783 928 uon
804 870 903 928 nutrit
925 869 1065 928 ardorem
1087 887 1152 928 oon*

140 959 323 1036 cupiscendi‚
354 959 407 1017 ubi
437 959 500 1017 frui
530 958 608 1016 licet.
655 962 685 1018 et
718 976 910 1033 quaecunque
941 959 973 1016 in
1005 958 1152 1016 mentibus

140 1052 219 1108 circa
245 1049 389 1124 permissa
416 1048 598 1120 coalescunt,
625 1066 685 1106 non
713 1049 782 1107 sunt
809 1047 948 1106 desiderii
974 1047 1027 1106 sed
1050 1047 1151 1106 volun-

140 1140 221 1196 tatis.
257 1138 313 1196 hoc
336 1138 434 1212 ipsun
456 1137 521 1210 tibi,
544 1137 660 1210 mulier,
684 1136 780 1195 obicio
804 1136 884 1212 quod
905 1154 959 1196 nos
982 1137 1014 1194 in
1038 1135 1182 1194 fabulosa

140 1244 346 1301 sermonesque
369 1226 485 1284 misisti.
523 1225 602 1284 solus
625 1225 713 1284 debet
737 1244 836 1283 amere
858 1227 1046 1284 meretricem
1069 1242 1149 1300 quem

140 1316 281 1374 meretrix
304 1315 407 1373 oderit
443 1315 569 1390 pauperi
592 1314 674 1373 dedit
697 1313 759 1373 odii
781 1315 940 1391 potionem.
975 1313 1048 1388 quid
1071 1313 1148 1372 illam

142 1405 257 1479 putetis
289 1403 403 1462 dedisse
436 1402 602 1462 diuitibus?
647 1405 673 1462 si
704 1403 885 1462 mehercules
916 1405 1040 1479 repente
1071 1400 1148 1461 nobis

141 1493 348 1568 contingerent
375 1512 457 1568 opes,
485 1494 594 1551 iterum
621 1510 674 1551 nos
702 1493 734 1549 in
762 1493 810 1551 sui
835 1493 991 1550 caritatem
1015 1492 1078 1551 alia
1102 1507 1146 1567 po

141 1583 224 1639 tione
237 1584 398 1654 revocaret,
413 1584 443 1639 et
460 1583 520 1640 ista
537 1600 615 1640 nuno
634 1582 719 1655 seria,
738 1583 847 1658 grauis,
865 1581 958 1639 vellet
975 1579 1175 1656 inpatientius

142 1672 242 1747 priore
264 1670 398 1730 retinere.
444 1672 584 1729 meretrix
606 1689 768 1746 pauperem
792 1672 955 1729 amatorem
978 1673 1100 1745 propter
1120 1685 1145 1726 ee

142 1762 262 1817 tantum
285 1777 344 1817 non
366 1762 465 1834 potest
487 1759 560 1835 pati.

211 1842 367 1920 ‘Amanti’,
394 1850 505 1923 inquit,
529 1842 629 1906 ‘dedit
674 1848 730 1907 hoo
754 1850 780 1906 si
801 1847 966 1907 remedium
989 1850 1048 1921 est,
1071 1847 1146 1905 detur
1192 1844 1194 1863 '

144 1939 256 1997 scienti.
302 1939 400 2012 prime
431 1955 501 2013 pars
534 1938 672 1997 sanitatis
704 1939 761 2011 est,
793 1940 830 1995 ut
860 1935 989 1995 libenter
1019 1935 1144 2012 accipiat
1192 1910 1194 1963 Ι

145 2029 217 2102 quin
244 2026 335 2084 immo
359 2043 410 2083 cur
432 2045 491 2084 non
519 2028 618 2102 potius
641 2026 732 2084 datur
759 2023 916 2084 amaturo?
963 2028 1076 2100 quanto
1096 2034 1173 2082 rue-s

144 2117 215 2189 lius,
244 2117 356 2190 quanto
383 2114 587 2189 providentius
615 2117 646 2173 ct
672 2117 786 2174 minore
813 2113 942 2173 bibentis
966 2115 1069 2173 dolore
1090 2130 1145 2172 oon·

144 2206 250 2278 stabit,
278 2208 313 2262 ut
340 2204 435 2262 adhue
463 2203 612 2262 labentem
639 2203 823 2280 adgredieris
851 2203 997 2276 animum,
1030 2206 1067 2262 ut
1092 2203 1145 2260 tum
1192 2240 1194 2251 ι

145 2294 341 2352 adulescentis
361 2291 474 2352 ardoris
497 2293 626 2367 impetus
646 2294 679 2351 in
700 2294 802 2368 parvis
822 2294 1016 2370 extinguatur
1034 2294 1146 2351 elemcn·
1191 2254 1194 2351 i

145 2381 205 2440 tis?
251 2401 284 2439 eo
312 2383 445 2457 tempore
474 2381 707 2456 despetionem
735 2381 1147 2457 quopariterduospatitr
1191 2364 1194 2433 ἶ

147 2473 286 2530 adfectus.
340 2471 431 2528 aliem
462 2472 673 2546 inpatientiam
703 2489 805 2546 paras,
838 2472 869 2529 ct
901 2472 1014 2546 accipio
1048 2436 1194 2541 odiuMi

147 2562 218 2634 quia
240 2561 301 2616 iam
320 2578 451 2618 amorem
469 2561 546 2618 ferre
565 2579 624 2618 non
642 2578 770 2635 possum.
808 2578 867 2617 non
888 2559 999 2633 desino,
1023 2559 1075 2618 sed
1097 2572 1147 2615 esee
1192 2540 1194 2607 l

110 2653 129 2706 9
149 2648 230 2706 eliud
253 2650 372 2723 incipio,
398 2667 451 2706 nec
475 2649 613 2707 emendor
634 2650 667 2706 in
691 2668 799 2722 amore,
822 2648 882 2707 sed
897 2648 1070 2708 transferor.
1104 2645 1149 2705 ill·

146 2757 215 2796 uero
237 2739 307 2794 sunt
324 2738 454 2797 remedia
473 2757 548 2814 quae
567 2739 679 2816 fugatis
703 2737 813 2797 morbis
832 2738 988 2812 causisque
1006 2735 1149 2815 languoris

146 2830 250 2903 postea
273 2845 331 2883 non
355 2829 532 2900 sentiuntur,
561 2829 591 2885 et
614 2845 649 2885 ea
670 2829 790 2885 tantum
815 2828 989 2885 innocenter
1010 2826 1150 2885 dabuntur

148 2934 223 2991 quae
249 2917 401 2990 potentiae
429 2935 499 2974 suec
527 2916 674 2991 qualitate
706 2918 882 2990 consumpta
910 2914 1063 2989 desinunt,
1095 2923 1176 2974 cuma

220 3129 233 3175 1
255 3120 354 3174 efferas
373 3137 406 3173 cuc
424 3120 525 3174 offusas
545 3129 571 3173 Β
642 3126 657 3173 2
676 3120 804 3174 inventus
823 3129 851 3172 Β
921 3125 937 3172 6
956 3120 1051 3173 brevis
1069 3113 1151 3173 decori

147 3209 244 3246 sensus
264 3192 287 3245 si
303 3193 399 3245 statim
418 3192 592 3246 Par.15103
647 3190 775 3245 societati
793 3200 815 3243 V
867 3197 899 3244 13
918 3193 1020 3260 repent
1033 3201 1061 3244 Β
1076 3202 1152 3260 supr·

147 3267 248 3318 lincam
267 3264 330 3316 inae
349 3264 446 3316 oddo
519 3269 553 3317 14
572 3262 687 3333 potione
705 3280 739 3317 coc
756 3278 814 3316 -em
831 3271 859 3315 Β
931 3267 963 3315 17
983 3263 1066 3331 potes
1084 3270 1110 3315 Β

149 3341 181 3389 18
202 3335 304 3388 amasti
318 3337 341 3403 (s
356 3336 473 3388 irrecreeit
486 3337 513 3404 Β)
529 3343 555 3387 Β
608 3334 631 3387 si
650 3351 700 3389 om.
713 3342 750 3400 Β,
764 3335 828 3388 odd.
839 3354 870 3386 m
925 3338 959 3386 20
979 3333 1029 3401 qni
1042 3333 1153 3386 immol

148 3413 181 3459 ‘21
201 3406 302 3459 minori
321 3405 341 3473 (i
356 3407 471 3460 ultorum
484 3408 516 3460 tu
530 3424 597 3472 rus.;
617 3422 650 3459 ecc
669 3421 686 3458 a
704 3405 729 3472 2)
745 3414 776 3458 Β
826 3403 941 3458 libentis
961 3416 983 3457 o·
1035 3410 1070 3458 22
1087 3400 1152 3458 adh!

147 3486 176 3530 Β
229 3495 291 3531 oum
309 3485 370 3542 Β1’;
388 3478 484 3530 tamen
503 3490 529 3544 (³3
549 3494 599 3531 om.
615 3488 636 3530 o·
705 3481 739 3529 23
758 3475 890 3545 impletus
906 3485 935 3528 Β
997 3476 1152 3546 extinguu·

144 3551 191 3604 tur
209 3563 231 3604 u
303 3555 336 3605 24
357 3548 434 3620 quod
454 3557 479 3602 Β
550 3553 585 3602 ‘lb
602 3560 702 3600 ueras
771 3546 929 3615 lanquoris:
947 3564 968 3600 u
986 3547 1071 3602 dete
