2408 3840
376 152 611 228 DEOLAMATIO
628 153 667 208 Iv
683 161 794 209 11-13.
1051 157 1093 222 ‘19

78 321 172 381 homo·
199 340 269 381 sum-
292 323 387 389 cuius„
406 341 513 399 eorpus
533 324 653 382 iratum
682 324 808 384 fortasse
838 326 955 385 saeculo
984 325 1095 386 numen

82 411 166 470 velut
197 412 385 487 aptissimam
411 412 542 471 facinori
568 412 687 471 videtur
714 414 836 491 elegisse
863 415 1020 474 materiam
1047 415 1095 475 cui

83 501 220 577 inprimis
244 501 383 561 continuo
401 501 552 560 natalibus
575 501 734 579 adsignata
753 505 799 562 eat
815 504 911 562 virtus
933 505 1047 579 pariter
1064 508 1095 565 et

83 590 209 664 11111111,
226 589 360 649 omnium
372 589 591 650 incredibilium
610 590 851 667 diversorumque
864 592 979 668 pariter
992 611 1094 669 capax,

55 677 221 739 comnibus
245 677 371 737 difficult
357 679 470 738 tatibus
494 680 737 755 novitatibusque
755 681 913 755 sufficiens,
937 682 1094 742 sceleribus

80 769 172 827 miser
200 769 231 826 et
257 768 320 827 sine
346 771 442 827 morte
470 786 523 827 sua
550 787 671 842 nocane,
703 771 734 826 in
763 788 821 844 quo
849 768 1021 837 debeatis'
1013 790 1094 846 ipsas

81 874 203 932 quoqne
224 856 321 916 odisse
343 859 477 916 virtutes
1132 858 1144 910 ²?

148 944 257 1004 Nescio
280 964 356 1021 quae
377 965 425 1004 me
447 945 618 1024 prodigiosa
640 945 770 1006 feritas
761 967 793 1005 m
815 950 932 1023 patrem
950 948 1033 1008 velut
1050 950 1094 1007 te·
1109 949 1148 1004 13

79 1034 147 1092 lum
169 1034 292 1110 aliquod
315 1052 510 1110 caamumque
531 1035 647 1110 pondus
669 1034 769 1110 librat,
794 1037 932 1114 inpingit
978 1037 1094 1098 facinus

32 1144 65 1186 so
79 1142 130 1182 me
153 1126 255 1183 manet
277 1124 356 1199 quod
379 1127 482 1183 contra
504 1123 592 1183 fidem
615 1126 673 1198 est,
702 1125 781 1200 quod
803 1126 993 1201 profuturum
1020 1128 1095 1185 mihi

79 1214 220 1289 negatur,
237 1215 273 1271 ut
290 1213 392 1288 nolim,
411 1215 494 1272 cuius
512 1232 571 1272 non
589 1216 716 1288 tempus,
734 1233 795 1274 uon
812 1215 904 1290 locus,
927 1234 987 1274 non
1005 1234 1095 1275 causa

80 1300 272 1377 praedicitur.
310 1321 347 1360 an
366 1302 442 1361 mori
461 1301 591 1379 debeam,
614 1321 668 1361 vos
689 1303 900 1364 aestimabitis:
923 1324 982 1364 non
1005 1304 1095 1373 debui

79 1406 173 1449 nasci

152 1477 251 1538 Sentit
271 1481 358 1555 pater
380 1482 493 1555 quanta
511 1479 551 1540 sit
568 1479 715 1556 praedicti
733 1481 851 1540 sceleris
870 1481 1040 1557 inmanitas,
1064 1486 1095 1542 et

34 1588 65 1631 11
80 1568 151 1627 ideo
172 1569 303 1644 temptat
323 1568 447 1644 efficere,
469 1571 504 1628 ut
520 1570 763 1629 mathematicam
782 1572 877 1629 artem
895 1589 954 1630 non
971 1574 1094 1647 putetis,

81 1675 117 1716 ac
142 1657 229 1716 modo
257 1658 410 1716 contendit
435 1677 496 1718 non
524 1677 586 1718 esse
613 1658 723 1734 fatum,
751 1662 781 1717 et
804 1662 909 1718 cuncta
937 1679 1007 1719 casu
1034 1662 1094 1720 for·

79 1746 221 1822 initoque
243 1745 409 1823 decimare,
433 1746 521 1806 modo
544 1748 649 1821 etiam,
676 1750 711 1806 ut
732 1747 922 1824 providentia
943 1752 1095 1828 regantur,

80 1853 144 1894 non
160 1852 248 1911 posse
265 1845 366 1917 tamen
384 1837 515 1895 humana
533 1835 657 1912 seientia
672 1836 857 1913 deprehendi.
895 1837 966 1898 dum
980 1842 1094 1898 utrum-

82 1943 141 2000 que
165 1924 283 2002 colligo,
305 1925 427 1984 interim
444 1925 526 2000 apud
548 1927 728 2003 gravitatem
746 1927 877 1986 vestram
895 1926 1010 2003 depono
1029 1947 1094 1988 sen·

36 2035 68 2074 ro
81 2015 156 2072 sisse
180 2013 295 2088 aliquid
318 2014 408 2073 etiam
430 2016 556 2090 patrem,
579 2033 646 2074 cum
668 2015 783 2074 metuit.
828 2035 882 2094 ego
905 2018 1095 2077 mathemati·¹

82 2120 151 2161 oum
173 2103 300 2178 probavi
322 2103 430 2162 dixisse
452 2123 564 2178 verum,
585 2103 638 2162 ille
661 2103 755 2163 credit
778 2120 840 2164 esse
863 2104 1019 2164 dicturum.

152 2189 267 2250 Gasune
294 2190 364 2267 tibi,
391 2194 486 2268 pater,
512 2193 585 2252 haec
609 2193 766 2253 diversitas
788 2193 908 2253 videtur
933 2195 965 2253 in
988 2213 1094 2270 corpus

81 2300 177 2339 unum
194 2280 436 2343 dissentientibus
454 2281 583 2341 solidate
601 2282 782 2358 primordiis,
797 2285 832 2340 ut
850 2300 964 2342 summo
983 2285 1093 2343 vertice

81 2370 198 2428 locatus
226 2369 330 2447 igneus
352 2371 438 2448 rigor
460 2373 567 2429 cuncta
594 2372 698 2448 gravia
725 2371 816 2431 calidi
843 2373 965 2446 spiritus
989 2372 1094 2431 ardore

38 2478 68 2520 ss
82 2457 287 2535 suspenderet:
314 2459 478 2534 profimdus
505 2477 591 2518 umor
617 2460 655 2518 ad
677 2461 740 2519 ima
762 2460 924 2535 demersus,
947 2461 1025 2521 unde
1047 2479 1094 2520 co·

83 2545 158 2607 tidie
190 2548 370 2624 superpositi
401 2548 507 2608 cadens
539 2548 681 2608 alimenta
711 2549 913 2626 traherentur,
944 2551 1094 2614 terrenum

82 2634 199 2712 pondus
226 2635 259 2695 in
285 2637 383 2699 medio
410 2640 522 2713 quanto
549 2655 674 2712 superne
706 2639 826 2714 spiritu,
858 2641 945 2710 tanta
975 2640 1093 2716 penitus

82 2726 231 2784 inanitate
254 2725 411 2785 subnixum
433 2724 543 2784 librata
565 2727 643 2785 mole
662 2726 835 2804 consideret,
857 2731 893 2786 ut
911 2729 1094 2788 saeculorum

154 2957 309 3020 2111111611
326 2974 355 3018 Β
415 2965 531 3021 vedetur
552 2975 575 3018 V
633 2967 724 3036 egisse
743 2977 784 3035 Β,
803 2967 830 3021 11
848 2986 922 3038 supr.
941 2989 973 3021 m
1035 2985 1094 3022 ma·

80 3037 205 3091 thasiam
223 3047 256 3090 Β
315 3037 457 3106 spariter
474 3051 555 3103 oms
617 3043 712 3108 epost
730 3039 859 3094 omnibus
878 3041 942 3094 odd.
961 3040 1046 3094 miser
1059 3048 1094 3107 Β,

80 3109 167 3164 dete
240 3114 272 3162 11
296 3110 340 3162 ut:
364 3110 393 3162 11
410 3121 444 3172 ys
514 3109 618 3163 nollem
635 3118 704 3176 ³1¹3
727 3109 826 3164 nollim
848 3120 870 3163 V
939 3116 972 3164 14
995 3111 1093 3165 sentit:

82 3180 157 3234 senti
175 3188 210 3247 Β,
228 3181 367 3250 tcaput
440 3185 472 3233 1⁶
491 3180 696 3235 mathomacam
719 3192 740 3235 v
809 3187 841 3236 16
859 3181 967 3236 factum
984 3191 1045 3235 ΒΜ

81 3251 270 3319 fortuitoque.
293 3250 410 3305 fortuito
434 3263 455 3304 o
541 3257 574 3305 21
597 3251 727 3336 probavi:
750 3253 778 3307 vi
797 3256 829 3308 in
845 3271 900 3308 raa.
915 3262 954 3319 Β,
978 3269 1094 3322 conpro-

81 3322 150 3377 bavi
163 3332 196 3376 11
265 3328 299 3377 22
318 3337 432 3378 casune,
452 3322 580 3376 carisime
599 3332 641 3390 Β,
659 3324 738 3378 risim
756 3325 807 3379 ded
823 3331 898 3379 11111
916 3341 990 3393 supr.
1001 3333 1023 3376 11

83 3393 240 3464 tigranis
262 3393 467 3461 1111111111,
492 3410 549 3448 non
571 3395 765 3464 3111118111,
794 3395 1024 3464 11111ΗΗῙ157

83 3471 117 3519 st
139 3463 305 3535 profundeis
328 3475 356 3519 ι
424 3466 494 3519 ima:
521 3481 578 3519 una
605 3480 620 3531 c
644 3469 772 3538 (11111)
852 3467 998 3523 demersus
1024 3468 1105 3522 esset

82 3483 210 3590 under!
279 3542 312 3590 27
330 3537 445 3606 spiritus
461 3547 497 3591 M
564 3539 680 3608 tantos
