2408 3840
447 181 681 236 DECLAMATIO
700 182 771 237 XIII.
1049 182 1115 245 415

103 370 209 425 emere,
233 351 312 426 quod
331 352 446 410 lucrum
465 354 518 424 est,
540 349 669 410 habere?
709 352 749 409 D.
767 353 803 409 ut
821 350 964 409 damnum
981 351 1029 425 sit,
1052 353 1116 409 iure

102 443 135 498 in
159 440 277 516 privato
300 459 365 499 meo
390 441 456 499 feci.
497 441 530 498 P.
550 440 685 514 divitem,
708 439 741 497 P.
762 437 802 513 O,
824 439 876 496 ubi
903 439 997 498 scelus
1020 440 1116 498 facere

102 549 164 589 non
186 529 283 587 liceat.
324 531 387 587 iam
409 548 469 587 non
492 528 625 588 defecto
650 528 700 588 sed
724 528 842 587 deloco
862 529 1022 603 quaeritur.
1064 529 1117 586 ubi

103 621 204 677 autem
227 636 286 676 non
305 618 433 677 divitum
451 619 602 693 privatum
625 615 689 677 est?
712 620 765 675 aut
783 636 930 692 nusquam
949 619 1116 677 contraius

75 708 175 767 elices
204 710 257 765 aut
283 708 315 764 in
345 707 462 784 privato
496 708 602 765 omnia.
649 707 732 765 furta
761 709 856 783 igitur
889 708 919 765 et
948 706 1115 765 homicidia.

100 796 143 854 D.
162 796 235 854 haec
264 796 352 872 longe
381 797 442 854 illis
472 815 531 855 non
562 797 748 855 conveniunt.
797 797 829 852 P.
854 796 939 870 atqui
968 797 1027 853 ista
1056 814 1116 854 non

100 886 167 943 iure
187 884 237 943 sed
255 904 361 962 genere
375 885 523 944 differunt.
564 885 603 943 D.
619 885 691 960 quid
705 904 723 943 a
736 882 805 943 me?
844 884 924 943 ultro
939 884 976 942 ad
990 886 1116 942 mortem

101 977 256 1033 venerunt.
304 975 337 1032 P.
362 992 458 1032 nonne
488 992 602 1033 venena
632 974 781 1050 sparsisti,
816 973 902 1031 flores
933 971 1116 1048 exposuisti?

102 1066 130 1122 si
153 1083 298 1121 venenum
320 1063 435 1121 homini
453 1062 590 1137 dedisses,
614 1063 724 1121 diceres
748 1081 815 1120 eum
838 1063 926 1120 labiis
950 1062 1115 1122 admovisse

58 1173 88 1212 ro
101 1152 217 1229 poeula.
266 1153 297 1209 in
327 1152 405 1211 saltu
434 1152 585 1210 hominem
614 1152 761 1210 iaculatus
792 1169 830 1209 es.
861 1169 946 1205 *se*
977 1151 1016 1208 D.
1037 1149 1114 1210 cedo.

102 1241 245 1298 interfeci.
287 1241 421 1315 reddam,
452 1242 478 1298 si
500 1241 582 1316 prius
607 1239 685 1315 quod
714 1243 834 1316 raptum
857 1242 914 1313 est,
943 1239 1114 1298 reddiderIs.

104 1330 172 1387 nolo
204 1347 253 1387 eas
280 1348 299 1386 a
326 1349 391 1388 meo
422 1330 584 1404 quidquam
614 1348 735 1388 sumere.
777 1330 810 1385 P.
829 1347 889 1387 non
918 1329 950 1386 in
979 1329 1114 1387 omnibus

102 1421 226 1477 sumunt
252 1416 303 1477 sed
325 1419 357 1476 in
381 1419 515 1476 omnibus
539 1421 692 1493 quaerunt.
734 1417 773 1475 D.
793 1419 819 1476 si
840 1435 956 1493 semper
977 1418 1114 1476 falleren-

102 1508 162 1581 tur,
185 1525 244 1565 non
268 1525 382 1582 semper
404 1506 542 1566 redirent.
584 1508 616 1565 P.
636 1507 768 1565 discerne
790 1506 842 1565 ubi
865 1506 955 1581 desit,
979 1510 1009 1565 et
1031 1508 1114 1566 resti·

57 1618 87 1659 rs
101 1599 196 1654 tuam.
241 1596 281 1653 D.
301 1596 379 1670 quod
408 1596 508 1655 videre
537 1615 663 1670 nequeo,
692 1595 859 1672 intelligere
889 1614 972 1670 queo.
1021 1615 1115 1654 vacua

102 1687 195 1753 venit,
210 1688 317 1743 onusta
332 1685 414 1743 abiit.
457 1688 510 1743 aut
527 1687 664 1760 rapInam
684 1685 795 1758 cohibe,
814 1686 866 1742 aut
882 1687 1005 1760 raptum
1017 1685 1114 1744 redde.

102 1775 137 1831 P.
156 1776 243 1832 recte.
284 1773 413 1832 reddam.
458 1777 493 1832 tu
523 1776 668 1848 quantum
698 1775 864 1850 rapuerint,
895 1774 1033 1832 discerne.
1075 1776 1114 1833 D.

103 1866 217 1936 quanto
236 1862 387 1922 difficilius
406 1862 537 1936 diffiniri,
556 1866 641 1922 tanto
655 1863 868 1938 Impossibilius
887 1861 977 1920 reddi.
1014 1865 1115 1921 tamen

103 1950 202 2009 redde.
241 1953 274 2009 P.
293 1952 420 2010 habetne
439 1953 540 2027 aliqua
558 1953 614 2025 lex,
636 1952 669 2009 P.
690 1950 729 2026 0,
747 1954 782 2010 ut
799 1951 941 2010 reddatur
959 1951 1037 2025 quod
1055 1970 1115 2010 non

56 2064 88 2103 so
103 2041 202 2113 novit,
232 2040 302 2114 quid
329 2040 377 2100 vel
410 2045 555 2116 quantum
589 2040 637 2100 vel
667 2040 745 2115 quod
772 2058 878 2098 nomen
906 2038 1036 2098 habeat?
1074 2041 1114 2098 D.

103 2128 232 2188 habetne
261 2130 382 2204 aliquod
404 2131 464 2203 ius,
490 2129 523 2187 P.
544 2128 583 2204 0.,
607 2133 642 2188 ut
669 2129 747 2203 quod
769 2131 924 2204 proprium
948 2131 1004 2205 est,
1036 2129 1115 2203 quod

102 2236 222 2276 servare
251 2222 282 2277 et
312 2221 422 2278 servire
451 2221 563 2294 potest,
593 2218 672 2292 quod
701 2217 738 2275 ab
770 2219 865 2276 invito
895 2220 1025 2292 rapitur,
1055 2237 1115 2276 non

101 2305 265 2366 reddatur?
305 2308 337 2365 P.
356 2310 454 2366 totum
476 2307 619 2366 mundum
641 2309 673 2365 in
697 2308 928 2365 controversiam
951 2309 1074 2380 vocaIIs,
1097 2326 1114 2365 o

101 2396 222 2470 iudices,
241 2399 267 2457 si
281 2399 383 2472 apium
396 2397 512 2456 labores
530 2398 609 2455 inter
626 2397 751 2454 iniurias
764 2397 918 2471 reputatIs.
960 2397 999 2454 D.
1014 2414 1114 2454 omnes

60 2506 88 2545 as
102 2485 182 2563 leges
204 2487 236 2543 in
259 2486 357 2545 labem
379 2487 509 2560 truditIs,
532 2486 652 2559 iudices,
675 2487 701 2544 si
723 2505 769 2544 res
791 2486 927 2560 proprias
951 2485 1114 2544 dominicae

103 2575 291 2648 subtrahitis,
322 2576 436 2633 alienae
465 2576 616 2633 voluntati
646 2574 779 2634 subditis.
821 2575 853 2632 P.
876 2574 948 2648 quid
977 2574 1114 2648 haeretis,

101 2661 235 2722 iudices?
259 2668 312 2722 aut
333 2664 471 2738 iudicate,
495 2666 547 2722 aut
570 2666 706 2738 querenti
727 2663 850 2722 reddite.

174 2927 190 2974 2
210 2922 338 2976 divitem:
363 2921 517 2976 diiudicate
541 2932 580 2990 123
605 2922 723 2976 dividite
745 2930 790 2975 ΥΒ
895 2928 911 2974 4
931 2921 1048 2975 divitem
1070 2929 1115 2974 ΥΒ
1156 2944 1161 2955 ·

102 2993 168 3045 oin
182 3010 232 3046 om.
248 3003 275 3047 P
346 2993 448 3062 dquid
468 2994 563 3047 adme
577 3010 627 3048 om.
643 3003 670 3047 Ρ
740 2993 1078 3058 9dedisti1’,oorectc?

103 3063 179 3117 dices
197 3072 242 3118 ΥΒ
296 3070 328 3118 16
348 3065 571 3134 arapinaRVB
624 3070 656 3118 21
676 3083 702 3133 p.
719 3073 794 3131 e.1’;
814 3072 956 3119 ommis
1009 3069 1113 3116 22ser-

101 3135 162 3187 vari
181 3144 234 3190 ΒΥ
303 3141 336 3189 27
355 3135 535 3203 conquerenti
555 3144 632 3190 ΒΥΒ
