2408 3840
114 155 158 219 94
444 152 568 208 Ascua
585 152 785 208 REDEMPTV
785 152 804 207 S

115 323 222 381 artifex
246 321 317 381 deus
340 318 373 381 in
396 340 549 381 commune
577 340 744 382 succurrere
768 324 798 381 et
818 341 874 398 per
899 323 1021 382 mutuas
1044 324 1127 381 auxi·

115 413 223 471 liorurn
246 412 324 471 vices
347 412 379 469 in
403 412 496 470 altero
520 430 667 486 quemque
691 411 771 487 quod
792 429 846 487 pro
870 429 901 470 se
924 412 1055 487 timeret,
1076 411 1126 471 ad·

115 519 218 560 serere.
255 500 385 559 nondum
407 500 463 559 hoc
486 500 594 559 caritas
618 502 671 575 est,
693 519 747 559 nec
769 500 902 576 personis
925 501 1063 577 impense
1084 520 1127 560 re-

114 589 256 664 verentia,
279 589 330 648 sed
354 589 496 647 similium
519 588 716 648 accidentium
737 589 856 664 providi
877 591 976 648 metus
999 591 1030 648 ot
1051 608 1128 649 com·

114 677 250 737 munium
272 678 465 737 fortuitorum
486 678 643 755 religiosus
666 679 777 737 horror.
809 679 842 736 in
865 678 963 736 aliena
983 679 1064 736 fame
1082 679 1159 739 suis

115 768 239 843 quisque
262 769 425 826 miseretur.
463 769 505 826 sic
528 766 607 826 cibos
631 766 744 826 obsidio
767 769 906 843 partitur,
929 767 972 826 sic
994 767 1141 851 inopiam,

114 858 227 931 pariter
252 858 460 933 navigantium
488 857 658 931 frequenter
684 857 771 914 unius
800 856 941 915 alimenta
970 859 1125 932 paverunt

113 945 182 1005 hinc
205 947 234 1004 et
254 945 313 1003 ille
338 947 421 1004 venit
448 944 582 1004 adfectus
606 945 686 1020 quod
712 946 823 1022 ignotis
851 943 1046 1004 cadaveribus
1074 945 1125 1003 hu·

113 1055 197 1093 mum
214 1034 384 1111 ingerimus,
399 1036 429 1092 et
446 1034 628 1109 insepultum
648 1032 802 1110 quodlibet
817 1051 923 1110 corpus
940 1035 1027 1092 nulla
1044 1033 1125 1093 festi·

113 1124 196 1182 natio
220 1124 283 1181 tam
304 1122 412 1198 rapide
433 1124 622 1198 transcurrit,
651 1126 686 1181 ut
708 1141 768 1182 non
792 1122 1056 1198 quantulocunque
1078 1140 1156 1182 ve-1c

114 1214 234 1270 meretur
256 1214 389 1289 aggestu.

80 1301 94 1354 7
181 1298 357 1360 Parentibus
386 1320 455 1360 vero
487 1300 574 1358 liberi
605 1319 665 1358 non
696 1299 855 1377 praestatis
887 1299 1044 1376 alimenta,
1075 1299 1124 1360 sed

114 1389 252 1448 redditis:
276 1391 398 1464 quanto,
421 1389 463 1447 dii
482 1389 621 1464 deaeque,
643 1388 787 1462 breviora,
807 1390 917 1464 quanto
935 1389 1055 1448 minora
1071 1407 1123 1465 pro

114 1480 160 1536 tot
182 1478 342 1553 infantiae,
364 1480 411 1536 tot
432 1478 578 1554 pueritiae
601 1477 781 1554 sumptibus,
803 1480 867 1537 tam
889 1477 981 1537 variis
1003 1477 1053 1537 rel
1075 1477 1123 1536 ab·

114 1566 344 1625 stincntissimae
375 1567 540 1627 iuventutis
571 1563 750 1643 impendiis?
799 1568 826 1625 si
855 1566 1038 1627 mehercules
1069 1566 1155 1626 hocs

114 1675 232 1731 quoque
255 1655 347 1714 officii
370 1674 462 1732 genus
481 1658 588 1714 natura
606 1654 801 1731 permitteret,
823 1655 896 1714 benc
915 1672 969 1731 pro
989 1655 1121 1714 deficien-

112 1744 193 1802 tibus
217 1743 331 1819 aliquid
355 1747 386 1802 et
407 1745 471 1803 vita
494 1746 594 1803 vestra
617 1743 803 1818 dependeret,
825 1743 994 1819 iterumque
1014 1763 1050 1802 ex
1071 1745 1123 1803 illa

114 1852 204 1908 quam
221 1833 366 1908 traxistis,
391 1833 490 1892 anima
507 1833 605 1909 portio
624 1832 722 1892 brevis
740 1831 773 1889 in
792 1851 877 1891 suum
894 1832 1007 1892 rediret
1025 1837 1122 1892 aucto·

112 1941 182 1980 rem.
219 1922 312 1981 vultis
331 1923 405 1980 scire
419 1924 548 1997 quantus
566 1922 679 1979 nomini
697 1923 799 1979 nostro
813 1920 956 1980 debeatur
969 1918 1122 1982 adfectus?

113 2014 225 2086 quanta
247 2008 422 2069 veneratio?
465 2029 525 2069 non
548 2012 594 2068 est
614 2009 789 2068 beneficium
811 2008 890 2085 quod
912 2009 1050 2086 pascitis,
1073 2008 1154 2070 sedi·

113 2102 159 2158 est
176 2099 291 2158 facinus
311 2100 389 2175 quod
407 2100 532 2177 negatis.
568 2098 676 2156 liberi
697 2101 866 2174 parentes
890 2098 1000 2158 alant.
1032 2100 1123 2176 pudet

113 2206 262 2247 sacrorum
289 2190 456 2263 nominum,
483 2188 576 2264 pudet
598 2187 750 2264 religionis
774 2187 929 2246 humanae.
974 2189 1032 2247 hoc
1054 2206 1122 2266 ergo

113 2278 159 2335 lex
182 2275 260 2335 erit?
297 2277 368 2352 quid
390 2278 534 2354 imprecer
556 2276 669 2335 homini
693 2276 745 2352 qui
767 2277 880 2353 primus
902 2277 982 2353 fecit,
1006 2281 1042 2336 ut
1061 2277 1122 2355 pie·

111 2369 174 2424 tate
206 2364 396 2425 inseremur?
444 2364 553 2424 liberi
588 2368 758 2442 parentes
794 2365 903 2424 alent.
954 2384 971 2424 o
1004 2365 1120 2425 crudele

111 2455 236 2513 factumi
283 2474 299 2514 o
326 2474 480 2530 nunquam
509 2455 624 2513 tristior
652 2454 759 2513 famesl
790 2455 836 2513 ita
864 2455 962 2531 pascit
992 2454 1044 2514 ille
1072 2453 1153 2530 quia

112 2541 248 2619 cogitur?

180 2631 246 2691 Non
264 2632 408 2706 meruisti,
431 2632 540 2708 inquit,
564 2631 704 2706 accipere.
742 2630 858 2690 discede
875 2632 981 2707 pietas,
1006 2633 1122 2708 quiesce

110 2720 276 2797 paulisper:
303 2719 460 2780 infirmitas
487 2719 702 2779 remuneranda
725 2721 772 2779 sit.
817 2721 947 2796 primum
969 2720 1020 2779 lex
1044 2740 1123 2781 sevc-

110 2810 228 2868 rissima
256 2812 314 2883 est,
344 2812 379 2868 ut
407 2810 514 2868 fortius
544 2809 686 2867 alimenta
715 2812 884 2884 poscantur.
928 2808 1122 2885 perdiderunt

109 2898 362 2975 pulchritudinem
393 2899 641 2972 sanctitatemque
677 2900 802 2956 natiuae
834 2899 886 2974 qui
918 2900 1031 2973 putant
1061 2899 1153 2958 illisa

110 2988 283 3063 parentibus
310 2989 377 3045 iura
404 3006 572 3046 succurrere
597 2985 704 3061 quibus
727 2986 808 3061 apud
834 2986 943 3045 liberos
969 2988 1055 3047 salva
1078 2990 1121 3047 est

110 3100 172 3107 .—

52 3250 55 3255 ,
181 3197 196 3245 5
216 3156 313 3246 horror
334 3201 355 3244 V
424 3196 439 3244 6
458 3173 566 3260 pdtitur
583 3199 622 3258 133
649 3190 756 3260 patitur
774 3201 802 3244 Ρ
870 3195 886 3244 8
904 3189 1011 3245 innotis
1035 3201 1056 3244 V

110 3269 125 3316 9
148 3263 302 3334 ingerimus
326 3264 366 3318 cel
383 3262 558 3332 congerimus
578 3274 605 3315 s:
628 3263 751 3332 gerimus
770 3284 792 3314 ω
879 3266 911 3315 11
930 3264 1064 3333 aggestu:
1088 3278 1120 3317 ao

129 3338 191 3389 estu
213 3344 234 3387 V
290 3339 322 3388 1⁷
341 3336 446 3389 vestra:
465 3335 561 3386 nostra
580 3345 601 3386 o
652 3333 823 3403 dependeret
841 3355 872 3387 a:
892 3333 1060 3402 deperderet
1076 3347 1119 3400 ργς

109 3353 331 3475 deprehenderet
348 3418 369 3459 o
439 3409 472 3459 18
494 3405 525 3458 in
544 3421 625 3457 suum
642 3422 693 3460 om.
708 3414 747 3471 υς
770 3403 867 3459 addc
941 3410 974 3459 19
992 3405 1077 3459 voltis
1093 3413 1121 3457 3

109 3534 143 3583 25
158 3532 259 3599 pascet
280 3539 302 3582 V
370 3535 403 3584 29
422 3509 574 3600 pdscantur
590 3538 619 3582 B
689 3534 722 3582 31
741 3476 891 3583 libesrblsvffi
