2408 3840
402 109 636 166 DECLAMATIO
656 111 682 163 H
695 116 766 164 2-4
1046 111 1089 175 23

78 283 165 359 pater
195 280 313 338 induxit
345 298 431 353 caeco
458 297 623 339 novercam.
668 278 782 338 factum
815 282 860 338 est
892 299 926 339 eo
956 282 1088 356 tempore

81 390 139 446 quo
160 369 316 430 constabat
338 371 454 445 patrem
477 368 539 427 filio
562 386 662 426 senem
680 367 821 428 solvendo
840 387 900 427 non
919 387 989 428 esse.
1022 387 1089 427 con-

81 459 232 530 tenderim,
244 459 316 534 quin
338 459 432 517 immo
453 458 568 518 iuvenis
586 458 677 516 fuisse
697 457 863 532 eonsilium,
885 459 920 516 ut
937 459 1023 534 pater
1041 459 1089 516 cui

77 547 304 608 matrimonium
329 547 483 622 filiumque
511 547 675 606 abstulerat
696 547 879 621 incendium,
905 546 1023 605 residua
1046 564 1089 606 se·

50 639 207 706 anectutis
231 637 292 695 alia
310 637 512 695 consolaretur
529 655 629 711 uxore,
653 637 683 694 et
701 638 735 694 ut
754 636 858 694 domus
877 654 953 711 quae
971 654 1091 695 caecum

76 729 198 786 tantum
220 725 350 784 habebat
372 727 402 784 et
420 745 527 801 senem,
551 725 697 801 acciperet
716 744 750 783 ex
769 725 905 802 coniugio
924 725 1090 783 ministeria

77 815 237 875 custodita.
282 815 397 874 facinus
421 817 475 889 est,
497 814 622 888 iudices,
646 813 725 889 quod
747 814 840 872 bonos
863 813 1015 891 privignos
1038 833 1089 872 no-

77 923 183 964 vercae
205 903 323 963 facilius
346 904 499 980 decipiunt
519 922 573 963 nec
595 904 689 962 levius
709 902 841 962 oderrmt.
880 921 969 979 quam
987 903 1090 960 multis

77 993 209 1068 insidiis,
241 1012 331 1068 qnam
361 993 464 1052 multis
493 993 606 1052 antibus
636 994 721 1068 patet
753 993 879 1052 caecitas
910 991 1089 1050 innocentis!

37 1110 64 1150 ιο
77 1083 188 1142 mulier
202 1083 251 1141 cui
269 1101 351 1159 spem
368 1082 553 1142 invadendae
571 1082 745 1141 hereditatis
764 1081 937 1157 praestabat
952 1080 1089 1139 debilitas
1137 1110 1141 1127 ι

77 1171 220 1250 privigni,
243 1174 376 1231 senectus
400 1173 515 1246 mariti,
538 1171 687 1230 intellexit
708 1171 765 1229 hoc
788 1170 883 1229 solum
906 1169 1006 1228 deesse
1029 1188 1090 1229 see-

77 1262 147 1321 leris
168 1261 323 1336 occasioni,
342 1264 376 1320 ut
393 1263 476 1338 prius
495 1262 692 1320 infamaretur
710 1259 864 1336 parricidii
882 1277 992 1319 caecus.
1026 1259 1089 1318 viso

76 1351 173 1428 igitur
195 1350 251 1409 hoc
273 1350 354 1426 quod
376 1351 433 1409 sibi
456 1351 571 1410 iuvenis
589 1368 648 1408 non
668 1348 824 1409 videbatur
842 1367 904 1408 esse
926 1347 1089 1425 privignae,

77 1459 224 1499 venenum
244 1439 323 1514 quod
340 1441 373 1498 in
390 1441 491 1499 miseri
510 1442 578 1498 sinu
595 1438 759 1512 abdiderat,
780 1437 997 1515 deprehensura
1015 1458 1090 1495 nun-

38 1555 63 1597 15
77 1529 169 1588 tiavit
186 1530 275 1604 patri,
293 1531 447 1604 tamquam
465 1528 658 1606 parricidium
675 1528 839 1604 pararetur.
872 1528 903 1584 et
922 1527 992 1601 quia
1010 1546 1090 1585 men-

78 1618 199 1677 dacium
215 1619 333 1694 poterat
350 1618 438 1677 facile
457 1618 572 1692 nudari,
591 1619 719 1693 siquem
734 1616 883 1675 conscium
900 1617 1090 1691 nominasset,

76 1710 176 1767 totam
206 1706 384 1766 delationem
415 1707 458 1766 sio
487 1707 650 1782 ordinavit,
681 1707 717 1764 ut
744 1704 802 1764 sibi
829 1704 997 1764 crederetur
1023 1724 1090 1781 pro-

76 1795 200 1855 missam
223 1795 378 1855 dimidiam
404 1798 520 1872 partem
547 1796 704 1868 bonorum,
732 1796 759 1853 si
781 1814 927 1854 venenum
954 1796 1018 1853 seni
1040 1814 1091 1854 vo-

76 1885 183 1944 luisset
205 1884 271 1961 ipsa
292 1887 453 1962 porrigere.
494 1884 610 1961 videtis,
633 1883 754 1959 indicae,
777 1904 838 1960 qua
860 1884 1088 1961 praeparatione
1107 1881 1126 1937 4

34 2001 62 2043 ω
76 1992 205 2032 noverca
226 1974 265 2032 ad
282 1976 495 2034 testamentum
513 1975 608 2051 patris
627 1973 791 2033 accesserit.
827 1974 982 2033 mulierem
1001 1992 1091 2049 quam

77 2063 173 2122 credit
195 2063 320 2122 maritus
342 2063 473 2123 noluisse
496 2066 613 2140 partem
635 2062 780 2123 bonorum
802 2064 933 2139 accipere
957 2082 1010 2139 pro
1030 2080 1090 2121 sce-

76 2153 149 2224 lere,
162 2170 279 2211 necesse
294 2154 339 2211 est
353 2153 395 2213 sic
407 2154 584 2228 remuneret,
603 2154 639 2210 ut
652 2152 745 2210 faciat
762 2152 907 2210 heredem.
941 2170 958 2210 o
978 2152 1090 2226 quanto

77 2241 167 2299 aliter
194 2241 339 2317 probatur
360 2241 554 2318 parricidium
579 2241 658 2317 qnod
684 2240 746 2298 iam
772 2243 872 2317 potest
900 2239 1089 2316 deprehendi!

76 2329 188 2388 mulier
209 2349 285 2406 quae
307 2349 338 2389 se
361 2330 479 2390 dicebat
499 2332 532 2389 in
555 2331 767 2390 conscientiam
786 2329 903 2388 sceleris
922 2328 1090 2404 admissam,

32 2445 62 2490 2⁵
77 2439 140 2478 non
161 2419 218 2478 hoc
244 2420 373 2495 primum
396 2420 494 2498 exegit
518 2439 536 2478 a
558 2422 658 2501 patre,
684 2420 720 2477 ut
748 2420 916 2494 quaereret,
945 2418 1011 2493 quis
1038 2436 1090 2495 pa-

76 2510 174 2567 rasset
197 2527 283 2567 caeco
305 2528 460 2583 venenum,
484 2511 551 2584 quis
574 2507 710 2567 dedisset.
746 2507 815 2565 inde
838 2507 1001 2566 maximum
1019 2508 1090 2565 scie-

77 2597 133 2655 bat
153 2615 240 2672 posse
261 2597 327 2657 fieri
350 2598 534 2674 quaestionis
557 2617 698 2657 errorem:
726 2597 871 2672 institnit,
896 2600 931 2656 ut
952 2598 1090 2655 innocen-

76 2685 212 2745 tissimus
234 2688 348 2746 iuvenis
371 2689 607 2766 interrogaretur
628 2689 764 2762 repente,
787 2687 885 2746 subito
908 2686 1090 2744 infamatura

75 2775 162 2835 velut
190 2773 362 2851 deprehensi
384 2775 628 2854 trepidationem,
655 2794 707 2835 seu
729 2776 871 2835 tacuisset
894 2793 1010 2850 caecus,
1038 2792 1089 2833 seu

149 2994 294 3054 asene'V
353 3000 529 3071 solvend31
593 3000 790 3054 contenderem
809 3009 836 3052 1·
906 2979 1011 3054 aalide
1030 3009 1057 3052 1·

74 3078 147 3150 oeci
165 3088 239 3141 ercpr.
254 3081 282 3125 Β
349 3076 435 3126 8neo
452 3073 484 3126 iu
501 3089 557 3127 ras.
572 3080 600 3124 Β
653 3071 930 3125 oderunt:odeit1³
996 3077 1028 3124 12
1047 3071 1089 3124 in-

75 3180 244 3233 samaram:
262 3178 450 3232 mirmiram
472 3187 494 3230 r
569 3183 602 3231 14
621 3143 753 3232 torsera
775 3187 797 3230 v
876 3181 908 3231 15
927 3178 1091 3232 mennatum

76 3260 120 3318 n,
145 3250 351 3319 iemncel
368 3272 400 3302 m
473 3255 505 3304 16
526 3249 681 3304 conscium:
701 3249 824 3332 occisum
841 3259 868 3302 J
936 3255 968 3302 21
989 3249 1089 3303 credit:

75 3357 193 3412 credere
211 3366 239 3410 ι’
307 3362 341 3409 22
361 3359 468 3426 quanta
485 3366 507 3409 V
576 3363 609 3410 23
627 3340 800 3426 parricidlrm
818 3365 846 3409 Β
908 3363 941 3410 26
961 3358 1011 3411 sed
1024 3356 1090 3410 inde
1156 3424 1158 3429 Ι

77 3431 158 3484 Deae.
214 3433 247 3482 28
266 3427 449 3482 ἰηΐαωαῡηωι
469 3428 624 3483 infamatur
642 3444 675 3481 ac
693 3437 754 3494 BV3
774 3444 824 3482 om.
841 3437 880 3497 M,
897 3445 976 3500 supr.
988 3451 1039 3496 nv,
1050 3428 1100 3482 'in-

76 3499 258 3554 flammatura
276 3513 291 3565 a
310 3501 353 3570 (aa
372 3518 438 3556 corr,
453 3501 484 3570 s)
557 3504 591 3556 29
610 3499 808 3575 trepidatione
828 3512 878 3559 nv
