2408 3840
85 159 108 222 8
423 156 552 212 Paulus
571 156 773 212 PALMATVs

23 320 25 328 ’
86 325 277 402 interrogabo
301 326 373 401 quid
397 328 465 384 ante
487 326 616 405 perdite,
639 326 711 401 quid
732 327 890 404 flagitiose,
913 326 986 403 quid
1006 327 1099 404 impie

88 416 204 489 fecerit,
226 434 280 490 per
303 434 378 491 quae
402 434 432 473 se
455 414 636 490 parricidam
658 416 768 475 scelera
790 415 968 492 promiserit.
1014 417 1098 477 inno·

88 503 185 563 centia
211 523 265 579 per
292 499 401 581 gradus
430 505 524 563 certos
552 504 589 562 ab
616 505 735 563 homine
763 504 901 579 discedit,
929 507 971 580 et,
999 524 1036 564 ne
1066 506 1099 563 in

88 593 225 651 maximis
247 592 377 669 trepidet
399 593 532 664 audacia,
555 592 608 650 diu
631 595 708 654 vires
731 593 764 651 in
785 593 949 653 minoribus
973 593 1095 671 colligit

88 700 174 741 nemo
201 681 270 740 inde
298 684 409 759 coepit,
437 699 495 757 quo
522 681 693 742 incredibile
722 684 767 742 est
795 683 971 757 pervenisse.
1016 682 1096 741 dieas
1121 700 1136 742 e

88 789 204 830 necesse
227 773 272 830 est
296 790 371 846 quae
393 771 463 829 huic
486 789 552 829 oum
574 775 659 848 patre
683 772 751 831 odia
774 771 899 847 fuerint,
923 790 1014 847 quam
1036 772 1098 830 vio·

88 860 169 918 lenta
198 859 341 919 dissensio
368 860 448 919 inter
470 879 621 919 sacrorum
646 860 765 919 infinita
787 861 941 919 nominum
962 861 1098 937 pignora.

89 948 174 1008 crede
195 949 303 1007 mulier
325 950 416 1008 etiam
439 952 492 1007 tua
515 967 611 1009 causa
648 967 719 1008 nam
741 949 767 1008 si
790 949 878 1008 facile
901 950 946 1010 est
967 949 1031 1008 filio
1052 967 1099 1009 oo·

88 1038 185 1097 cidere
207 1041 333 1113 patrem,
356 1038 473 1097 facilius
497 1040 542 1096 est
558 1039 649 1097 uxori
670 1037 820 1097 maritum.

154 1127 274 1201 Loquar
291 1145 370 1185 nuno
384 1127 419 1186 de
434 1127 607 1188 infirmitate
620 1128 744 1186 miserae
758 1128 920 1186 caecitatis.
945 1128 1098 1186 temeritas
1113 1147 1140 1191 rc

89 1216 183 1275 omnis
211 1217 379 1274 animorum
408 1215 579 1275 calamitate
612 1234 767 1291 corporum
794 1217 957 1294 frangitur,
986 1219 1017 1275 et
1046 1216 1099 1273 fri·

89 1306 212 1382 gsscunt
239 1304 368 1380 impetus
395 1305 540 1363 mentium
567 1323 641 1381 quos
669 1324 729 1364 non
757 1305 907 1381 explicant
932 1305 1101 1364 ministeria

87 1392 294 1453 membrorum.
341 1393 379 1452 ad
415 1394 512 1454 solum
548 1411 579 1454 se
613 1394 720 1470 alligat
752 1394 896 1453 destituta
927 1411 1099 1452 maerorem.

88 1483 189 1542 vultus
218 1483 269 1541 ille
292 1485 436 1559 perpetua
458 1484 544 1542 nocte
568 1485 723 1558 coopertus
746 1501 781 1542 ao
802 1482 925 1541 timidus
948 1501 1009 1543 non
1031 1501 1100 1542 con-

88 1572 163 1648 cipit
189 1572 286 1646 rasas,
315 1571 352 1630 ad
380 1572 461 1646 quod
487 1570 609 1630 ducibus
639 1571 731 1631 oculis
760 1574 939 1648 pervenitur.
985 1573 1101 1648 cogitat
1115 1590 1141 1633 rs

89 1679 204 1737 semper
223 1679 320 1719 errare
340 1663 370 1720 et
388 1660 542 1734 offendere,
565 1660 678 1738 cogItat
696 1661 787 1720 eundi
803 1659 1003 1736 redeundique
1022 1660 1101 1719 diffi-

89 1750 239 1808 cultatem.
284 1768 394 1826 magna
416 1750 601 1810 innocentiae
624 1751 784 1809 necessitas
808 1752 862 1824 est,
884 1751 1033 1808 neminem
1055 1750 1101 1808 fa-

89 1839 175 1898 cilius
197 1856 283 1915 posse
303 1837 489 1914 deprehendi.
525 1856 641 1914 semper
664 1838 722 1897 sibi
739 1838 911 1898 custodiunt
930 1838 1040 1914 miseri,
1063 1857 1101 1897 ue

88 1945 151 1988 esse
164 1927 346 1986 miserabiles
361 1927 507 2002 desinant,
525 1930 556 1986 et
573 1925 707 2003 quisquis
727 1929 828 1987 amisit
846 1929 955 2002 oculos,
972 1926 1101 2001 laborat,

87 2036 125 2075 ne
156 2016 263 2076 merito
295 2015 464 2091 perdiderit.
511 2016 583 2092 quid
615 2016 698 2075 aliud
730 2019 856 2076 caecitas
889 2017 976 2076 discit
1008 2035 1100 2093 quam
1114 2037 1142 2078 ro

86 2124 202 2183 rogare,
225 2102 375 2164 blandiri?
411 2104 512 2163 odium
535 2124 620 2164 omne
644 2105 788 2165 adiuvant
810 2106 898 2180 oculi,
922 2107 952 2164 et
971 2105 1051 2164 hunc
1067 2107 1101 2164 in

87 2193 255 2271 pectoribus
283 2193 419 2253 humanis
443 2195 572 2252 furorem
597 2194 712 2253 lumina
739 2195 917 2268 accendunt,
944 2212 998 2253 nec
1024 2194 1100 2254 levis

89 2285 197 2343 animis
221 2282 334 2342 accedit
355 2283 486 2359 insania,
515 2283 652 2359 quotiens
676 2303 763 2358 quem
786 2284 941 2358 execraris,
964 2283 1101 2359 aspicias.

89 2390 192 2433 caecus
214 2373 350 2432 miserior
368 2375 413 2433 est
431 2390 521 2449 quam
539 2375 574 2430 ut
590 2373 705 2431 invisus
724 2373 774 2448 sit,
795 2371 929 2432 timidior
946 2374 992 2432 est
1010 2391 1101 2448 quam

89 2464 124 2521 ut
146 2461 250 2521 oderit.
286 2464 441 2537 praeterea
462 2460 637 2520 nocentibus
658 2461 761 2521 liberie
783 2461 1038 2537 frequentissimas
1063 2461 1101 2520 ad
1116 2480 1142 2522 re

88 2550 282 2628 parricidium
309 2569 412 2610 causas
440 2551 589 2627 suggessit
615 2550 691 2608 illud
718 2550 799 2627 quod
822 2549 972 2609 videbant.
1018 2550 1101 2610 vitiis

90 2641 170 2700 enim
191 2641 301 2698 nostris
324 2640 356 2698 in
380 2640 512 2698 animum
534 2659 587 2715 per
609 2639 710 2698 oculos
728 2638 779 2698 uia
800 2642 852 2698 est.
889 2639 956 2699 aliis
974 2639 1102 2700 tradidit

89 2730 121 2788 in
143 2731 300 2806 parentum
323 2728 498 2805 sanguinem
519 2728 637 2786 luxuria
659 2727 770 2787 ferrum
793 2761 835 2769 -
858 2728 977 2786 luxuria
1000 2728 1103 2789 viden·

88 2818 166 2877 tium
180 2818 289 2876 crimen
305 2850 357 2892 -,
374 2817 441 2876 aliis
456 2817 662 2876 meretriculae
679 2835 763 2877 amor
777 2816 927 2877 inmodica
942 2819 1101 2893 poscentis,

162 2975 176 3022 1
200 2969 317 3040 flagiose
335 2979 372 3036 Μ,
391 2986 459 3025 corr.
474 2990 505 3022 m
574 2974 589 3022 3
609 2967 740 3023 discedit:
760 2968 906 3022 deseendit
927 2977 949 3020 v
1011 2974 1026 3022 6
1046 2933 1101 3022 lirio

89 3050 118 3095 Β
170 3040 235 3095 odia
254 3049 361 3106 01111,
380 3047 443 3095 acte
462 3058 525 3093 cum
542 3057 665 3108 cupam
718 3056 815 3108 quam:
839 3055 893 3109 que
912 3048 940 3093 Ρ
1016 3045 1102 3108 8pa—

3 3134 7 3147 ·
89 3113 161 3167 trem
179 3111 237 3166 filio
256 3111 382 3166 occidere
400 3111 557 3182 (hoccidere
571 3114 606 3181 Β)
626 3124 676 3176 acy
749 3110 900 3165 9facilius
921 3112 953 3164 in
969 3128 1025 3166 ras.
1039 3120 1068 3164 Β

91 3224 124 3272 11
147 3235 230 3288 quoe:
251 3219 327 3288 quod
344 3227 404 3271 lm
456 3223 489 3271 17
507 3234 622 3287 magna:
646 3197 722 3288 filabo
748 3226 775 3270 B
828 3223 860 3271 11
879 3217 1022 3272 blandiori
1039 3227 1068 3271 Β

90 3289 146 3380 inc
162 3334 191 3378 1
262 3331 296 3379 11
314 3325 498 3379 anesus-uc
511 3325 573 3378 111
588 3335 678 3380 om.»
747 3330 782 3379 re
800 3328 833 3379 ut
847 3324 949 3380 oderit:
964 3327 1013 3379 uto
1028 3325 1103 3380 serre

91 3398 341 3467 (efccitcaeo)15
394 3402 426 3450 16
446 3395 637 3450 videbaturs
688 3395 932 3451 1111111113
985 3401 1020 3450 18
1039 3413 1103 3450 san-

81 3467 208 3538 'guinum
229 3477 252 3520 V
318 3467 428 3522 luxoria
446 3477 474 3519 Ρ
494 3467 536 3522 bis
607 3473 641 3521 19
662 3475 726 3537 post
748 3469 852 3523 crimen
873 3468 936 3522 add.
957 3468 989 3522 in
1008 3471 1103 3523 rao2

82 3540 170 3592 11Ιὸ
187 3540 346 3595 literarum
365 3541 409 3594 est
426 3559 459 3592 m
