2406 3832
113 148 155 212 48
463 146 571 201 MILES
590 146 780 203 MARIANVS

114 316 253 392 spiritum
279 335 432 375 renascens
460 335 556 392 poena
583 319 743 392 torqueret.
789 336 896 393 parum
923 320 1026 378 severe
1048 319 1125 384 mili·

113 407 209 464 terem
237 405 428 464 redeuntibus
461 406 615 482 suppliciis
648 406 836 482 disciplinam
868 407 1070 482 continemus,
1100 409 1124 466 si

113 493 233 553 tribuno
261 497 330 569 post
357 494 412 553 hoc
436 495 548 553 factum
570 490 672 573 <non>
693 494 768 554 bene
793 495 882 554 cessit
905 495 987 571 quod
1013 497 1123 556 occisus

115 585 166 641 est.
212 603 295 642 reum
323 602 393 660 ergo
421 583 518 642 caedis
546 603 604 643 non
631 583 811 643 infitiatione
839 583 1006 644 defendam.
1052 587 1122 659 viro,

113 672 186 731 forti
214 675 388 749 praesertim
411 675 442 731 et
463 674 627 746 innocenti,
654 673 730 731 nihil
757 674 855 733 facere
882 675 1023 734 convenit
1047 673 1123 751 quod
1139 688 1150 731 s

114 762 281 839 negandum
309 763 356 821 sit.
402 780 461 820 non
489 761 586 820 abnuo
615 764 738 821 crimen:
764 762 856 821 immo
884 763 911 822 si
938 767 1121 823 accusatores

114 852 255 925 tacerent,
277 853 341 927 ipse
364 868 538 909 narrassem.
581 851 688 910 obicite
710 852 812 929 igitur,
836 850 895 926 sed,
918 855 954 911 ut
978 853 1120 913 delatores

114 939 207 1015 decet,
228 943 334 1000 totum.
380 939 662 999 verecundissimum
685 942 764 999 enim
786 941 914 1000 militem
937 941 1020 1017 apud
1042 960 1120 1002 sanc·

113 1030 243 1088 tissimss
258 1023 546 1104 imperatorisaures
559 1029 656 1087 minus
671 1030 764 1104 pudet
779 1029 913 1088 confiteri
927 1049 1020 1106 quam
1033 1030 1119 1107 queri.

180 1118 327 1176 Parumne
355 1115 504 1176 dedecoris
532 1118 677 1192 subimus,
705 1119 784 1194 qnod
815 1137 875 1177 non
902 1119 938 1178 de
964 1119 1161 1181 honoribusc'

113 1205 268 1266 fortissimi
291 1205 349 1265 viri
373 1205 546 1282 quaeritur?
569 1209 600 1265 et
622 1210 656 1266 ut
673 1207 846 1286 longissime
863 1210 936 1267 vota
953 1209 1119 1284 procedant

113 1315 176 1354 rem
197 1295 437 1354 honestissimam
459 1296 550 1354 militi
573 1292 689 1370 fecisse,
712 1298 823 1372 inpune
846 1295 923 1356 erit?
968 1298 1120 1357 damnetur

114 1385 205 1442 etiam
228 1387 259 1443 et
280 1384 457 1460 pudicitiam
480 1384 625 1461 supplicio
648 1385 767 1461 pendet.
808 1386 963 1446 convenite
985 1388 1119 1465 legiones,

113 1473 259 1532 intendite
288 1473 414 1547 animos,
442 1476 594 1533 contrecta
621 1474 752 1550 undique
780 1475 899 1533 auxilia.
945 1476 994 1533 lex
1017 1477 1120 1536 dicitu

115 1563 233 1636 cestrie,
255 1581 309 1620 neo
332 1563 419 1637 pauci
438 1566 508 1622 sunt
531 1564 583 1639 qui
605 1563 661 1622 hoc
683 1564 780 1623 nolint
803 1563 904 1638 licere,
927 1564 1004 1622 illud
1023 1566 1147 1626 velintrs

80 1652 97 1706 s
183 1651 251 1709 Non
273 1652 452 1711 mehercules
474 1671 595 1728 possum
619 1656 727 1728 tenere,
751 1671 809 1729 quo
831 1655 929 1712 minus
952 1653 985 1711 in
1006 1672 1120 1714 accuss-

113 1743 209 1799 torem
232 1740 316 1799 dolor
337 1759 420 1800 meus
444 1744 588 1817 erumpat.
634 1742 707 1818 quid
730 1740 824 1801 dicis?
866 1745 915 1818 tn,
939 1744 966 1800 si
987 1744 1121 1803 tribunus

114 1847 205 1902 esses,
234 1829 289 1888 hoc
316 1828 456 1889 fecisses?
501 1831 527 1889 si
554 1831 639 1889 miles
666 1849 756 1905 esses,
786 1831 842 1889 hoc
870 1829 1012 1891 tulisses?
1058 1833 1122 1892 date

115 1920 286 1993 praecepta,
316 1919 483 1994 componite
512 1919 707 1995 disciplinam.
753 1919 838 1979 miles
860 1920 917 1980 hac
944 1922 1124 1981 contumelia

114 2025 268 2081 percussus
298 2010 351 2066 est.
396 2008 526 2086 indignis
554 2028 624 2068 vero
652 2009 772 2068 vocibus
801 2011 1023 2070 contaminatus
1051 2011 1156 2070 nihils

115 2097 243 2171 emplius
267 2096 348 2155 aliud
367 2116 457 2172 quam
480 2096 605 2156 renuet?
642 2101 671 2157 et
690 2097 755 2174 quis
774 2118 834 2157 non
852 2099 938 2157 illum
961 2098 1043 2159 inter
1059 2120 1125 2177 pro·

115 2187 235 2245 stitutos
259 2186 376 2260 habeat,
399 2187 425 2245 si
449 2187 637 2261 commiserit,
660 2189 695 2245 ut
716 2189 812 2262 possit
829 2189 938 2247 iterum
957 2188 1126 2263 appellari?

114 2278 203 2352 neget
225 2278 334 2350 tamen,
358 2278 388 2334 et
410 2277 554 2334 ultionem
576 2277 703 2334 iniuriae
722 2295 792 2334 suae
812 2277 936 2336 differat.
974 2277 1019 2336 ita
1043 2281 1126 2356 puto,

115 2383 180 2422 cum
199 2366 345 2439 inluserit,
360 2360 488 2425 'tribuno
507 2367 649 2441 queritur.
686 2365 812 2424 inicitur
829 2385 944 2441 manus,
967 2368 996 2424 et
1015 2367 1055 2425 ab
1076 2368 1126 2426 ad-

186 2505 200 2550 1
219 2514 379 2553 renascens:
401 2516 417 2552 a
435 2517 468 2554 ec
486 2517 500 2550 r
518 2508 545 2551 Β
616 2504 631 2553 2
650 2499 845 2554 redeuntibus:
867 2501 891 2555 ti
909 2502 941 2554 ia
957 2517 1012 2555 ras.
1028 2511 1059 2556 Β

115 2574 130 2621 3
149 2585 206 2623 non
224 2570 288 2625 add.
304 2571 381 2625 Dess.
464 2577 480 2624 5
499 2570 577 2623 forti:
599 2569 722 2639 fortique
741 2584 755 2635 β
832 2577 848 2624 6
867 2571 971 2626 abnuo:
991 2571 1088 2627 abuno
1102 2583 1129 2627 Ι

116 2681 130 2728 7
150 2659 292 2730 namadem
311 2677 365 2757 <em
381 2677 413 2729 ic
425 2679 491 2746 ras.)
506 2686 544 2744 Β,
562 2659 705 2730 narralem
723 2686 756 2731 Β
824 2683 840 2731 8
859 2677 1128 2734 verecundissimum

115 2763 148 2800 esc
164 2746 439 2801 verecumdrssimnm
456 2757 485 2801 Β
555 2748 729 2802 santissimae
747 2758 776 2803 Β
853 2750 1071 2818 simperatoris
1095 2768 1128 2807 ex

115 2834 156 2872 ‘es
175 2827 202 2870 Β
254 2818 342 2888 pudet
360 2835 392 2872 ccc
410 2821 492 2887 putet
505 2828 532 2871 Β
587 2826 618 2873 12
637 2819 787 2889 impunes
845 2826 878 2875 14
896 2820 1075 2887 incendites

116 2923 223 2977 animos
237 2926 380 2979 contracte
395 2946 413 2976 α
423 2906 560 2995 (contrita
570 2929 618 2997 B):
634 2927 726 2980 animo
742 2928 838 2982 sancto
853 2928 974 2981 tractate
988 2942 1015 2995 63
1030 2929 1126 2983 animo

116 2998 212 3048 saneto
230 2997 322 3050 tracta
339 3008 378 3059 γά
438 3002 471 3049 11
490 2997 539 3065 qui
558 3015 591 3051 ex
609 2997 678 3066 quid
692 3007 719 3050 Β
779 3002 812 3050 16
830 2997 952 3052 mercule
966 3007 994 3050 Β
1046 3015 1124 3054 aeus·

116 3068 236 3119 satorem
254 3077 283 3121 Β
356 3072 388 3120 17
408 3068 456 3136 qui
475 3077 513 3135 Β,
537 3080 637 3124 corno
711 3073 743 3123 18
763 3069 786 3122 si
805 3069 899 3122 miles:
923 3069 1023 3123 similis
1042 3080 1076 3124 M

115 3136 239 3192 tulisses:
265 3140 464 3193 estrimes!
534 3144 566 3193 19
586 3156 619 3193 ae
637 3150 675 3206 Β,
693 3140 713 3193 h
731 3151 839 3209 suppo
910 3145 944 3194 20
963 3157 1123 3211 percussus:

116 3224 128 3259 s
147 3210 179 3261 io
195 3227 249 3265 ras.
264 3220 303 3279 Β,
322 3226 421 3280 passus
437 3219 474 3277 Μ,
493 3228 602 3266 eornm
647 3213 690 3264 est
708 3224 789 3275 ceap
833 3221 1123 3282 veroom.11,sapr.e

117 3283 149 3331 21
170 3280 260 3336 aliud:
283 3285 384 3350 agets
454 3284 573 3336 rennuet
591 3292 618 3335 Ρ
688 3289 719 3336 21
744 3283 872 3346 cicccc
943 3288 977 3336 22
998 3283 1122 3347 commis·

116 3350 184 3405 serit
196 3361 224 3404 Β
277 3359 310 3407 23
329 3356 436 3407 tamen:
456 3353 501 3407 vel
519 3356 630 3407 tantum
644 3355 719 3422 quod
737 3353 837 3407 melius
851 3353 927 3407 valet
945 3355 977 3408 io
994 3372 1080 3425 marg.
1093 3373 1120 3407 m

116 3461 151 3539 24
167 3422 301 3523 illuxerit
318 3469 347 3514 Β
368 3463 445 3532 (cors.
463 3462 504 3530 o);
528 3460 661 3515 inluxerit
678 3471 700 3512 V
771 3460 900 3514 tribunus
922 3480 939 3522 y
1017 3460 1052 3515 ab
1074 3458 1119 3513 sd·

115 3531 240 3600 signata:
260 3531 296 3586 ab
315 3532 428 3603 signata
446 3541 470 3585 J
