2408 3840
150 158 218 220 430
463 153 657 210 excitum
674 152 854 208 Psulsma

150 330 227 384 tium
251 324 380 385 damnes.
423 324 503 400 quod
519 343 580 383 non
598 323 687 382 debet
707 321 845 396 indicari,
867 340 927 381 non
946 320 1035 380 debet
1058 321 1162 397 quaeri.

150 414 224 490 quid
256 413 354 473 dixit?
402 415 435 472 P.
462 411 558 489 quid?
606 414 634 472 si
663 412 749 471 nefas
779 410 940 470 infandum
970 407 1163 486 deprehendi?

150 505 195 561 Μ.
211 505 237 561 si
255 504 300 562 ita
318 508 405 577 esset,
421 521 482 561 non
500 520 579 561 esses
595 519 657 560 una
673 505 771 560 morte
789 504 956 561 contentus.
993 499 1164 559 modestiam

150 593 251 650 mariti
283 594 398 668 pariter
424 596 455 650 et
483 593 580 666 patris
606 592 742 666 aecipite.
783 590 820 648 de
845 589 974 648 muliere
1003 607 1082 664 quae
1105 607 1164 647 eon·

151 683 230 739 vinei
248 699 308 740 non
326 684 436 756 potest,
453 680 565 739 suffieit
577 680 645 754 sibi,
661 685 697 738 ut
714 680 829 738 incesta
842 678 991 738 eredatur.
1029 676 1084 737 sed
1101 677 1184 754 quide

150 771 225 828 dixit
238 768 341 828 filius?
372 770 405 827 P.
419 770 472 828 ifle
484 772 562 829 mori
578 770 682 843 voluit,
694 772 730 827 ut
742 771 863 827 taeeret
900 785 958 844 ego
974 785 1037 825 non
1051 771 1164 825 eoaetas

149 861 263 934 loquar.
301 860 377 917 nihil
391 861 466 936 agis,
483 859 598 917 mulier.
634 858 820 936 interrogare
832 876 881 916 me
898 856 985 914 ducis
1001 854 1085 931 ideo,
1102 856 1164 932 quia

150 948 206 1006 seis
228 967 277 1006 me
299 947 400 1006 omnia
422 949 488 1023 pati
505 948 596 1006 malle
619 966 711 1022 quam
728 948 820 1023 loqui
861 944 976 1004 adeone
993 963 1105 1021 parum
1126 949 1163 1004 est

149 1036 229 1113 quod
257 1036 354 1095 filium
383 1034 498 1095 occidi?
537 1042 573 1095 ut
601 1036 651 1095 vel
679 1037 722 1094 sic
750 1040 880 1110 teneam,
908 1034 985 1093 libet
1015 1035 1163 1111 mihiipsi

148 1129 232 1184 mori.
274 1127 319 1184 M.
338 1126 371 1183 in
397 1144 496 1184 meam
523 1129 606 1184 taees
633 1125 799 1184 infamiam.
840 1125 874 1183 P.
892 1125 977 1182 itane
1007 1143 1091 1182 nune
1111 1122 1191 1200 pri-10

149 1236 230 1272 mmn
257 1215 376 1274 laboras
405 1217 515 1274 misera
543 1214 580 1273 de
608 1212 713 1273 fama?
758 1215 804 1273 vis
835 1213 958 1272 tandem
990 1215 1071 1272 seire
1101 1211 1162 1288 quid

148 1302 278 1362 dixerit?
318 1304 408 1378 dixit,
436 1307 472 1362 ut
493 1322 553 1363 uon
576 1321 746 1379 quaereres3
773 1303 862 1376 dixit,
884 1305 920 1360 ut
942 1305 1085 1362 tacerem.
1124 1302 1160 1360 Μ.

148 1393 277 1450 minime.
324 1393 376 1451 sed
403 1393 476 1469 quid
502 1411 571 1452 vere
598 1391 696 1452 dixit?
734 1393 768 1450 P.
787 1395 814 1450 si
835 1394 921 1467 potes
950 1391 1043 1466 seire,
1065 1391 1161 1449 mulier

148 1501 185 1537 an
208 1482 348 1556 mentiar,
370 1484 427 1540 seis
451 1481 523 1558 qnid
545 1481 662 1541 dixerit
703 1500 824 1559 possam
845 1480 968 1559 fingere,
990 1500 1054 1540 non
1077 1484 1159 1556 potes,

148 1571 172 1626 si
200 1571 309 1647 neseis,
338 1570 560 1647 reprehendere
606 1571 668 1645 vis,
695 1570 791 1629 dieam
822 1569 896 1645 quid
927 1567 1028 1627 dixit?
1070 1570 1185 1629 omme

147 1658 230 1715 dixit.
272 1658 450 1736 plusquam
467 1660 691 1736 interrogarem,
713 1659 796 1718 dixit
838 1660 920 1733 patri
940 1658 1108 1733 maledixit
1123 1657 1157 1715 nil

147 1747 220 1805 bene
242 1750 342 1807 matri.
383 1751 429 1807 vis
447 1749 523 1808 seire
546 1747 620 1823 quid
637 1745 735 1806 dixit?
775 1748 837 1807 noli
859 1747 908 1806 hie
929 1765 1076 1822 quaerere
1098 1743 1158 1822 quid

147 1836 230 1893 dixit.
272 1855 374 1896 eamus
397 1837 435 1896 ad
458 1837 534 1895 illud
557 1842 718 1911 secretum,
744 1855 845 1896 eamus
869 1836 907 1896 ad
930 1837 1097 1896 tumulum:
1122 1834 1156 1894 ibi

147 1944 264 2000 quaere,
286 1926 330 1985 ibi
348 1930 402 1986 aut
419 1929 534 2002 pariter
550 1926 715 1985 tacebimus
733 1931 787 1986 aut
803 1926 934 1985 invicem
952 1926 1155 1985 confitebimur.

146 2033 267 2089 possum
296 2017 359 2075 iam
388 2017 471 2074 mori
521 2016 599 2074 illud
627 2020 728 2074 tamen
757 2033 928 2091 supremum
961 2033 980 2073 a
1010 2018 1043 2074 te
1072 2029 1185 2091 pasees

146 2104 262 2178 civitas,
285 2123 304 2163 a
326 2109 356 2162 te
375 2106 511 2180 imploro,
533 2123 617 2179 uxor,
638 2125 676 2163 ne
698 2109 733 2163 tu
751 2105 880 2181 amplius
902 2104 1052 2163 infamem
1074 2119 1156 2175 voees,

146 2211 219 2251 neve
242 2197 277 2250 tu
296 2195 424 2269 amplius
444 2193 516 2269 quid
535 2193 654 2268 dixerit,
676 2212 809 2270 quaeras.
851 2194 896 2251 Μ.
915 2196 948 2251 et
966 2212 1025 2270 ego
1050 2193 1156 2270 quiden

145 2301 205 2339 non
227 2283 326 2342 minus
348 2283 425 2342 mori
442 2286 473 2341 et
494 2301 615 2361 possum
634 2287 666 2342 et
687 2283 787 2342 debeo.
833 2281 884 2342 sed
907 2282 992 2357 prius
1018 2303 1068 2342 me
1090 2279 1157 2358 apud

145 2389 209 2444 vos,
240 2371 272 2428 P.
294 2370 334 2446 0.,
358 2372 437 2447 quod
466 2376 567 2430 tamen
599 2372 737 2447 vixerim,
768 2390 882 2431 excuso.
924 2389 977 2430 rea
1007 2391 1089 2447 sum,
1116 2367 1158 2429 sed

146 2460 245 2533 aliter,
273 2462 345 2536 quia
368 2462 513 2536 supremis
537 2463 600 2520 eius
623 2481 682 2521 non
706 2462 779 2520 affui
800 2480 889 2536 quem
910 2464 1037 2520 tantum
1063 2460 1188 2521 amaris

145 2548 244 2607 vivere
267 2550 388 2625 quidem
417 2569 452 2609 eo
478 2550 624 2610 moriente
653 2569 712 2609 non
742 2549 844 2624 debui,
872 2549 924 2608 sed
954 2553 1038 2610 mori
1060 2552 1159 2610 marito

143 2639 261 2697 tacente
279 2658 339 2698 non
358 2641 451 2715 potui.
487 2640 595 2712 videte,
612 2639 646 2698 P.
662 2639 703 2714 0.,
721 2640 853 2698 omnium
869 2642 1002 2696 matr-um
1022 2635 1159 2719 mise<r>

144 2722 305 2804 ri<m>am:
324 2747 378 2787 nee
396 2730 634 2787 taciturnitatem
650 2731 714 2788 eius
732 2729 808 2786 ferre
826 2745 948 2802 possum
966 2746 1024 2787 nee
1044 2729 1160 2801 efficere,

145 2819 178 2872 ut
200 2816 351 2890 loquatur.
392 2837 439 2876 me
469 2836 539 2876 vero
567 2819 593 2876 si
621 2817 687 2893 quis
714 2819 894 2895 interrogat,
921 2835 1028 2877 omnes
1058 2823 1160 2878 matres

144 2903 252 2963 liberos
276 2923 344 2964 suos
366 2909 512 2981 tanquam
535 2907 748 2966 adamaverint.
791 2909 895 2964 amant
912 2905 1079 2982 exsultare,
1101 2919 1186 2966 eume

144 2995 287 3067 venerint,
310 2997 467 3070 suspirare,
488 3014 556 3053 eum
573 2997 754 3055 recesserint.
800 3013 965 3071 numquam
984 3015 1036 3054 me
1055 2997 1094 3055 ab
1113 2997 1160 3054 hae

216 3251 444 3305 7dieeris12v⁴
504 3253 640 3308 8ide0ne
660 3264 687 3308 n
768 3254 864 3322 9ipse
883 3262 934 3305 BV
1016 3261 1051 3308 13
1071 3257 1160 3324 potest

148 3329 192 3372 VB
276 3329 310 3375 14
328 3325 569 3392 possum-dixit
588 3327 765 3380 l.15om.1t
856 3329 889 3378 15
908 3324 979 3392 quid
999 3325 1159 3380 dixit:rem

144 3400 171 3444 n
244 3398 276 3446 17
295 3393 392 3449 hoen
465 3401 498 3450 18
517 3395 645 3451 illumre
719 3402 751 3450 19
770 3395 812 3449 ibi
830 3405 925 3450 omdt
998 3402 1036 3451 24
1054 3401 1156 3453 &mem

141 3462 252 3515 tamdiu
267 3465 321 3518 Bu.
392 3470 425 3519 29
444 3466 599 3538 interroget
617 3478 663 3521 VB
729 3474 762 3521 31
782 3468 944 3522 convenerit
962 3475 1009 3520 w
1072 3467 1156 3537 mpi-

136 3549 201 3590 eere
221 3544 261 3606 κς
282 3536 428 3610 suspicare
449 3546 495 3593 VB
564 3540 712 3594 reeesserit
732 3547 778 3592 vu
