2408 3840
138 139 201 205 106
464 137 587 194 AEGER
605 136 822 192 REDEMPTVS

83 310 120 366 1o
201 307 312 367 Ponere
340 325 407 381 vos,
429 306 558 387 iudicas,
584 307 667 366 velut
697 307 729 364 in
760 305 814 365 illa
846 306 1030 366 necessitatis
1063 314 1146 365 meae

134 397 303 473 praesentia
324 397 402 457 volo.
440 415 513 470 ecoe,
536 395 640 454 infelix
663 395 700 454 ad
722 395 852 471 primum
874 397 1026 471 aspectum
1049 397 1146 470 patris

135 488 259 545 conatus
278 486 438 562 adsurgere
456 485 525 543 illas
544 485 688 560 pallentes
703 483 836 543 sordibus
855 503 962 543 manus
979 485 1146 560 paululum,

134 578 290 650 tamquam
313 574 466 650 amplexus
490 574 612 632 daturus
637 574 743 647 erexit,
768 591 822 632 nec
843 590 938 649 usque
963 572 995 631 in
1018 574 1146 633 cervices

134 682 214 722 meas
239 663 346 739 spiritu
368 663 429 721 iam
448 662 599 721 deficiente
622 662 754 738 perlatas
776 662 808 719 in
825 680 912 721 suum
928 662 1020 720 miser
1035 663 1146 721 iterum
1168 680 1179 721 s

135 752 230 812 cubile
259 752 373 812 deiecit.
419 754 500 811 totus
527 751 578 811 illa
604 753 682 810 circa
709 770 762 810 nos
790 751 915 811 carceris
940 750 1073 826 populus
1096 750 1145 810 ob-

135 842 230 916 ticuit,
254 844 292 915 et,
316 860 352 898 ne
372 840 525 915 colloquiis
544 842 652 899 nostris
676 839 817 899 terribilis
840 841 1013 899 catenarum
1036 839 1146 899 stridor

135 931 330 1006 obstreperet,
358 929 485 988 lassatos
510 931 591 988 artus
614 930 646 986 in
669 947 723 987 sua
749 931 870 988 tenuere
887 929 1045 1003 patientia.
1092 948 1145 1006 ego

134 1022 241 1093 serius,
269 1019 368 1097 gravis
395 1019 477 1092 hinc,
505 1018 681 1093 sividetur,
708 1019 863 1094 incipiam:
893 1017 1059 1093 luxuriosa,
1086 1037 1146 1076 me·

134 1108 229 1167 ruisti.
276 1109 395 1185 ignorat
426 1107 558 1183 profecto
590 1107 709 1182 paterni
739 1106 849 1166 doloris
881 1109 981 1166 aestus
1010 1106 1146 1183 quisquis
1158 1126 1180 1166 ro

135 1197 278 1256 solacium
300 1198 397 1271 putat,
419 1199 454 1255 ut
472 1197 507 1254 de
530 1196 690 1272 languente
707 1196 769 1255 filio
789 1197 938 1271 queratur,
960 1198 996 1254 ut
1014 1195 1145 1255 moribus

134 1285 285 1360 mentique
307 1284 473 1344 maledicat.
520 1284 599 1344 abite
622 1284 760 1360 virtutes,
788 1287 906 1362 ignosce
929 1284 1079 1362 probitas,
1102 1288 1146 1344 est

135 1394 171 1432 ex
192 1373 292 1433 liberis
314 1374 367 1432 ille
390 1375 442 1449 qui
464 1372 598 1433 moritur.
642 1374 717 1432 mihi
739 1392 809 1433 vero
831 1375 929 1432 fateor
950 1373 1023 1433 hinc*
1044 1374 1146 1449 aliqua

134 1464 295 1540 languente
318 1462 380 1522 filio
403 1463 517 1522 venisse
541 1463 652 1522 solacia
676 1463 754 1538 quod
777 1463 852 1522 vixit
876 1462 981 1521 infelix
1004 1462 1145 1538 quemad·

134 1552 255 1611 modum
281 1551 390 1625 voluit,
423 1552 502 1627 quod
529 1552 587 1609 fuit
617 1553 722 1610 hilaris
755 1571 788 1611 ao
816 1553 896 1610 laeta
923 1550 1022 1610 brevis
1054 1554 1144 1611 aetas.
1157 1569 1180 1611 rs

135 1642 233 1716 crede,
260 1626 389 1713 iuvenis,
418 1643 448 1700 et
474 1659 528 1716 pro
556 1643 586 1699 te
612 1642 675 1699 iam
702 1640 887 1715 maluissem,
914 1643 951 1699 ut
975 1641 1145 1700 luxuriosus

134 1749 218 1789 esses
257 1732 304 1788 oui
322 1732 357 1787 tu
374 1732 511 1805 tempori,
534 1731 582 1790 eui
600 1729 696 1788 dolori
712 1731 842 1806 rigorem
859 1728 994 1803 ultionis,
1016 1729 1146 1793 ironam

134 1820 308 1896 castigantis
326 1817 478 1895 iniungis?
508 1818 769 1894 impatientissima
787 1837 833 1877 res
848 1820 893 1877 est
909 1817 1032 1893 perdere
1050 1818 1145 1878 filium

134 1906 181 1967 cui
204 1907 331 1966 videaris
355 1907 450 1966 irasci.
492 1909 663 1983 corruptum
684 1926 732 1966 ma
754 1907 890 1983 precibus
913 1907 1027 1982 putatis
1053 1907 1144 1966 ambi·

133 1997 225 2070 tuque
257 1994 466 2055 lacrimarum?
510 1997 566 2055 hoc
592 1997 666 2056 vicit
698 2015 785 2074 aeger
812 1996 892 2075 quod
918 2014 978 2055 non
1009 1996 1180 2074 rogabatis

135 2085 300 2144 assidebam
322 2085 443 2144 misero:
469 2084 645 2145 demittebat
667 2086 781 2160 oeulos,
804 2083 1003 2163 interroganti
1024 2103 1144 2163 respon·

134 2192 198 2232 sum
222 2175 256 2233 de
279 2174 408 2233 lacrimis
431 2176 550 2232 tantum
576 2176 747 2251 gemituque
769 2174 919 2233 reddebat.
965 2173 1078 2252 agebat
1098 2194 1143 2233 me

134 2263 314 2322 deliberante
336 2263 397 2321 iam
415 2263 536 2338 victum,
559 2281 626 2321 cum
647 2266 768 2339 repente
791 2264 913 2322 miseras
934 2280 1042 2323 manus
1061 2263 1143 2323 velat

81 2354 120 2410 20
133 2353 290 2412 residentis
323 2353 473 2428 amplexus
505 2354 607 2428 posuit
633 2352 666 2409 in
693 2353 761 2411 sinu
787 2370 862 2411 meo.
909 2354 939 2410 et
966 2370 1034 2410 cum
1065 2352 1143 2411 lassa

134 2442 260 2517 suspiria
292 2461 345 2517 per
377 2441 507 2499 ardentis
540 2441 687 2500 anhelitus
720 2443 828 2519 egestis
857 2458 944 2516 saepe
971 2441 1176 2514 viscoribus,ra

134 2551 201 2589 oum
228 2530 279 2589 diu
307 2530 424 2589 collatis
447 2533 571 2604 uterque
599 2529 778 2606 singultibus
803 2530 1022 2589 miscuissemus
1050 2530 1142 2590 lassas

134 2621 196 2677 sine
215 2638 286 2679 voce
305 2620 450 2692 lacrimas,
473 2619 593 2677 tandem
612 2620 721 2693 spiritu
738 2619 788 2678 vix
806 2619 838 2676 in
856 2619 1036 2695 paucissima
1054 2618 1144 2679 verba

134 2709 271 2768 collecto:
299 2702 366 2765 ‘tibi
393 2702 534 2783 quidem',
561 2707 671 2783 inquit,
696 2702 820 2784 ‘gratias
849 2726 920 2785 ago,
943 2710 1038 2783 pater,
1066 2706 1144 2785 quod

133 2856 344 2863 -.——--—

205 2955 219 3001 1
239 2948 301 3001 illa:
316 2947 389 3001 illud
401 2957 454 3001 BV
499 2955 514 3000 3
529 2947 680 3017 pallentes:
695 2949 826 3017 parentes
839 2956 873 3016 Β,
888 2964 956 3003 corr.
967 2958 999 3012 ις
1014 2948 1143 3016 squalen-

133 3022 175 3073 tes
190 3021 244 3073 Bu.
296 3026 313 3072 4
331 3021 361 3073 in
376 3019 507 3073 cervices:
522 3020 596 3072 inter
609 3020 683 3073 vices
696 3029 755 3073 ΒΜ
767 3021 845 3088 (corr.
857 3020 896 3088 Μ)
947 3024 963 3072 6
982 3019 1106 3090 (ἰοὶθξοίῡ
1118 3028 1145 3072 Β

134 3097 224 3144 ‘tneo
241 3100 270 3144 Β
320 3090 460 3144 terribiles
478 3100 506 3143 Β
559 3093 692 3145 8tenere
710 3100 739 3144 Β
791 3089 931 3144 9serius:
957 3091 1047 3160 serpis
1067 3101 1094 3144 Β

132 3180 171 3286 (llia
186 3161 351 3287 dirrdvdddoii
372 3160 576 3287 dolldndlbiiecdi
595 3235 626 3286 tu
637 3162 781 3287 iddibdiitg
793 3170 856 3285 nri
877 3166 924 3286 olrd
942 3162 1019 3285 (111ῃοὶ1
1025 3161 1102 3288 =eqni
1120 3171 1145 3285 b

132 3311 164 3358 21
185 3305 329 3358 assidebat
345 3275 404 3357 ΒΜ
483 3275 645 3356 dimittebat
666 3313 688 3356 ι’
769 3309 802 3356 22
826 3250 1003 3373 gednituqu’c:
1022 3251 1143 3374 godditus

132 3386 173 3443 Μ,
197 3379 225 3429 et
245 3393 321 3445 supr.
335 3396 367 3427 m
456 3379 490 3426 23
513 3375 641 3428 miseras:
665 3375 750 3428 miser
767 3374 818 3427 has
841 3384 880 3427 Vc
966 3378 1003 3428 24
1024 3375 1142 3430 reticen-

131 3448 168 3572 {ips
186 3445 469 3572 pg,e}ell'reeidentis
492 3467 523 3498 m
612 3446 693 3514 lapsa
716 3455 749 3498 Β
835 3445 988 3515 adlapsos
1010 3446 1071 3503 aa.
