2408 3840
119 193 184 256 342
412 190 562 246 INFAMIS
580 192 620 245 IN
638 191 796 246 munuli
813 191 840 245 Π

119 381 183 420 sam
207 364 308 420 tuetur
329 363 528 422 taciturnitas.
566 361 642 436 vide,
666 380 718 420 cur
740 379 855 435 manus,
878 379 932 419 cur
953 361 1044 420 verba
1067 380 1130 438 pec·

119 469 185 510 carc
204 450 369 509 videantur.
406 451 468 509 illis
486 451 675 525 infamamus,
695 451 742 509 his
760 452 944 525 torquemus,
963 450 1131 510 occidimus.

115 541 161 599 vis
185 540 259 598 scire
283 559 373 614 quam
391 559 452 599 non
474 541 569 615 possis
592 539 675 615 queri
697 540 733 598 de
757 540 876 598 silentio
901 537 987 598 meo?
1024 540 1130 599 felicis·

116 631 191 687 sima
209 630 316 699 fueras,
336 629 361 687 si
379 629 458 686 idem
477 629 647 689 fecissemus
662 647 771 688 omnes.
807 627 896 706 finge,
914 649 962 687 me
980 629 1131 705 paulisper

116 719 253 793 sepositis
276 717 389 777 silentii
407 720 503 778 causis
526 720 582 777 hoc
604 721 723 777 tantum
743 717 936 794 respondere:
958 737 1021 776 non
1039 718 1129 794 prodo
1155 739 1164 778 s

116 810 269 866 secretum.

81 896 95 950 V
183 897 229 953 Ex
261 896 409 970 omnibus,
445 897 557 955 iudices
591 896 698 971 quibus
729 896 861 954 humana
892 898 1016 972 pectora
1049 896 1130 955 seriis

115 986 315 1062 gravibusque
338 985 565 1060 conplectuntur
588 984 767 1060 adfectibus,
795 985 910 1043 nullam
934 984 1130 1045 difficiliorem

116 1094 206 1148 quam
234 1073 348 1133 silentii
375 1074 461 1133 credo
484 1074 640 1148 virtutem,
669 1075 801 1150 adeoque
824 1075 1049 1150 promptissimo
1072 1094 1128 1134 ser-

113 1183 200 1222 mone
223 1163 310 1222 facile
330 1163 538 1239 delinquimus,
562 1166 596 1221 ut
619 1165 819 1222 constantiam
841 1163 962 1221 tacendi
980 1182 1077 1238 neque
1098 1165 1129 1220 iu
1142 1185 1162 1223 rc

115 1253 182 1310 aliis
201 1253 278 1310 ferre
301 1253 456 1329 possimus.
493 1254 604 1310 crimen
623 1253 679 1310 hoc
701 1252 734 1310 in
752 1271 799 1311 me
818 1252 926 1310 mulier
944 1256 1034 1311 vocat
1052 1251 1128 1327 quod

113 1343 145 1398 in
168 1341 273 1417 priscis
301 1341 362 1401 illis
385 1360 501 1400 morum
529 1341 732 1417 mentiumque
759 1340 923 1400 rectoribus
951 1341 1012 1399 fuit
1033 1343 1128 1416 prima

113 1431 270 1506 sapientia,
285 1431 365 1505 quod
379 1430 522 1507 quosdam
541 1432 634 1490 totius
648 1429 729 1488 vitae
748 1430 905 1507 pertulisse
919 1423 1126 1510 patientia[m]

113 1521 208 1596 magis
238 1519 292 1577 illa
324 1521 401 1579 seria
428 1521 557 1578 miratur
582 1521 760 1595 antiquitas,
790 1538 880 1594 quam
908 1519 989 1594 quod
1017 1522 1127 1595 tempo·

112 1629 179 1665 rum
198 1609 285 1682 vices,
309 1609 439 1667 siderum
460 1627 562 1667 cursus
586 1610 616 1667 et
638 1609 787 1685 profunda
809 1610 935 1667 naturae
954 1610 1041 1667 velut
1062 1627 1125 1667 con·
1139 1628 1158 1670 u

113 1699 174 1755 scia
203 1699 319 1756 ratione
351 1700 519 1757 sanxerunt.
567 1716 643 1773 quae
674 1717 728 1774 per
758 1697 847 1756 fidem
876 1699 1048 1774 inpotentia
1076 1700 1126 1769 cst,

112 1785 266 1863 effringere
285 1788 385 1864 rigens
409 1805 493 1845 sacra
512 1786 751 1846 dissimulatione
773 1788 885 1862 pectus,
910 1786 1048 1846 evolvere
1066 1788 1125 1844 ani-

112 1896 194 1932 mum
227 1895 314 1950 quem
343 1895 432 1951 supra
463 1895 517 1934 sua
544 1878 657 1934 secreta
685 1877 882 1951 compositum
911 1895 972 1934 non
1003 1876 1125 1947 laetitia,

111 1983 171 2022 non
194 1963 287 2038 dolor,
309 1982 368 2022 non
391 1966 560 2039 necessitas,
583 1982 643 2023 non
665 1965 792 2023 fortuita
814 1963 1006 2023 laxaverint?
1049 1966 1124 2041 quis·

113 2055 179 2128 quis
207 2053 243 2110 de
270 2055 387 2111 tacente
416 2056 562 2129 queritur,
592 2053 688 2113 multo
715 2054 813 2112 minus
841 2053 917 2112 ferre
945 2056 1058 2129 poterit
1083 2055 1155 2113 loa

112 2144 277 2216 quentem„
306 2161 358 2200 nec
387 2143 459 2201 adeo
483 2142 635 2220 coniugali
661 2141 802 2202 societate
825 2144 932 2201 cuncta
957 2145 1123 2213 miscentur,

111 2233 145 2288 ut
168 2231 251 2288 nihil·
262 2231 321 2289 sibi
340 2231 479 2291 adversus
497 2234 574 2290 hanc
592 2232 780 2291 concordiam
802 2233 957 2308 proprium
975 2233 1123 2310 relinquat

111 2322 235 2380 animus.
283 2322 328 2377 est
355 2322 463 2395 aliquis
494 2323 584 2380 etiam
613 2339 631 2378 a
660 2323 803 2398 sanguine
831 2339 884 2380 suo
915 2325 1047 2382 secretus
1076 2321 1122 2380 ad·

110 2408 204 2469 fectus
228 2428 378 2487 genusque
396 2411 587 2490 reverentiae,
611 2411 645 2468 ut
667 2409 794 2468 tacenda
816 2409 939 2468 minime
957 2412 1033 2470 velis
1053 2411 1122 2471 scire

109 2499 285 2572 carissimos,
310 2499 456 2572 quaedam
479 2518 538 2557 non
560 2499 655 2575 possis
678 2499 858 2572 verberibus,
882 2499 992 2560 eculeis
1017 2516 1151 2572 erueras

182 2711 195 2756 1
215 2707 311 2758 tuetur
329 2721 379 2758 om.
400 2726 434 2771 ως
455 2705 551 2759 udde
630 2704 856 2760 taciturnitatem
874 2717 889 2769 β
971 2705 1082 2760 videtur
1099 2715 1124 2758 Β

108 2791 295 2865 ainfandmus
313 2822 342 2865 Β
407 2811 438 2864 hi
457 2810 643 2880 istorquemus
661 2821 714 2864 BV
777 2811 918 2865 3viscere
940 2821 962 2864 V
1028 2829 1121 2883 quam:

109 2884 183 2951 quod
203 2892 230 2935 Β
290 2882 454 2936 eiecissem
472 2893 501 2936 Β
557 2899 619 2936 meo
637 2892 659 2934 V
718 2885 910 2952 discretum}
924 2887 952 2953 (5
967 2885 1019 2938 litt.
1035 2886 1082 2949 er.)
1096 2892 1125 2936 ,Ι

110 2961 247 3007 'lumana
265 2964 315 3037 B·
351 2960 441 3024 8que
459 2971 510 3009 ora.
533 2964 555 3007 V
621 2954 797 3023 complentur
814 2955 928 3009 Badius
991 2961 1121 3024 equam:

108 3062 183 3128 quod
198 3070 225 3112 Β
294 3044 417 3115 drtutem
435 3072 464 3115 Β
542 3060 746 3130 promtissimos
769 3069 790 3112 V
860 3059 945 3115 facile
964 3075 1123 3126 sermones

109 3132 392 3197 willimarum
410 3150 496 3203 musy.
516 3133 580 3187 add.
595 3154 627 3184 m
704 3147 830 3185 meorum
843 3141 896 3184 BV
965 3139 1000 3186 13
1018 3135 1122 3193 sititae

107 3213 135 3256 Β
196 3204 365 3273 patientiam
384 3226 419 3270 ως
438 3220 505 3259 corr.
524 3204 572 3258 Gr.
646 3209 679 3257 14
698 3202 750 3256 illa
767 3202 889 3272 magice
961 3206 1038 3259 seria
1051 3190 1121 3261 scu:

106 3275 209 3329 misera
224 3298 259 3342 ω;
279 3291 373 3329 severa
390 3275 452 3342 Gr.;
472 3291 533 3329 sera
550 3275 611 3330 Otr.
673 3274 823 3328 miseratur
836 3283 870 3328 Ι
930 3292 1029 3344 quam:
1049 3276 1122 3346 quod

107 3355 135 3399 P
187 3353 220 3399 15
236 3346 408 3402 conscientia
426 3356 448 3399 V
499 3351 531 3399 17
548 3345 664 3415 effringe
679 3355 707 3399 P
760 3351 792 3399 18
807 3361 892 3415 super
906 3355 940 3400 Ι
990 3365 1048 3402 non
1061 3355 1123 3403 octe

106 3451 218 3507 laetitia
237 3470 286 3508 om.
311 3463 332 3505 V
401 3459 433 3507 19
454 3417 507 3508 ddi
521 3462 550 3505 Β
619 3451 733 3506 fortuna
746 3461 788 3517 Pr
859 3459 894 3507 23
913 3452 1002 3508 ctiam
1020 3455 1122 3525 aliquis

90 3589 130 3635 M
196 3544 320 3656 sangine
341 3591 371 3637 Β
439 3585 477 3636 21
492 3578 617 3635 tacende
636 3587 660 3630 ι’
723 3576 867 3630 iussam
886 3577 968 3642 mel
983 3596 1060 3649 supr.
1092 3600 1121 3633 u·
