2408 3840
327 134 560 194 DECLAMATIO
579 135 643 189 xm
658 141 761 189 18-19
780 135 844 189 xlv
860 143 881 189 1.
1051 136 1118 201 265

564 514 658 587 XIV.

453 673 551 746 ODH
577 674 715 746 POTIO
743 676 770 747 I.

104 873 248 932 Meretrix
276 874 403 931 amatori
425 891 478 931 suo
501 874 626 948 pauperi
650 872 732 931 dedit
755 873 816 931 odii
843 875 1002 949 potionem.
1049 874 1119 933 ado-

149 962 263 1022 lescens
286 962 375 1020 desiit
398 980 505 1020 amare.
552 964 672 1021 accusat
693 963 778 1020 illam
801 961 942 1021 veneficii.

83 1178 93 1218 r
173 1157 286 1231 Sentio,
308 1157 429 1230 iudices,
451 1157 529 1216 hanc
551 1175 668 1233 quoque
687 1158 909 1217 calamitatibus
926 1160 999 1217 meis
1022 1177 1116 1217 acces·
1136 1159 1154 1212 1

107 1248 179 1307 sisse
203 1248 377 1320 novitatem,
394 1249 436 1304 'ut
458 1247 542 1306 vobis
565 1245 697 1305 nondum
720 1247 823 1306 videar
845 1246 950 1306 odisse.
995 1266 1049 1306 nec
1071 1266 1118 1305 me

105 1337 263 1412 praeterit,
289 1335 453 1411 plurimum
479 1337 577 1411 perire
604 1335 640 1394 de
667 1337 893 1395 nocentissimae
920 1338 1051 1412 potionis
1073 1338 1117 1394 in·

106 1424 203 1499 vidia,
226 1424 297 1482 dum
319 1444 366 1482 me
388 1426 503 1500 putatis
527 1424 622 1482 adhuc
646 1426 827 1501 inpatientia
848 1427 947 1501 priore
969 1427 1118 1483 miserum.

107 1533 217 1590 quaeso
245 1515 345 1571 tamen
368 1513 416 1572 vel
437 1513 507 1572 hinc
533 1515 630 1573 totam
653 1514 746 1572 delati
768 1515 885 1573 sceleris
913 1514 1119 1590 probationem

71 1603 241 1682 agraribus
268 1604 367 1660 vestra
394 1604 570 1678 prospiciat,
603 1602 682 1677 quod
709 1603 805 1662 dolori
831 1620 897 1662 meo
924 1604 1119 1679 querelaeque

105 1711 165 1751 non
189 1691 332 1750 creditur:
359 1710 413 1750 nee
437 1710 503 1749 amo
527 1691 579 1767 qui
603 1710 739 1752 accusare
761 1710 895 1768 possum,
918 1711 971 1751 nec
994 1693 1044 1751 odi
1067 1694 1122 1767 qui

105 1800 208 1840 amare
231 1780 359 1859 mallem.
397 1779 469 1856 quid
492 1782 537 1839 est
560 1779 642 1839 aliud
662 1781 741 1856 quod
763 1781 827 1839 bibi
846 1800 935 1856 quam
953 1779 1121 1840 venenum?

104 1871 178 1929 licet
200 1871 294 1946 igitur
312 1865 524 1928 'nocentissima
542 1869 721 1928 feminarum
738 1870 837 1928 rideat
856 1871 935 1945 quod
953 1889 1066 1945 accuso,
1089 1873 1122 1929 et

105 1959 344 2018 manifestissimi
367 1958 484 2017 sceleris
507 1959 689 2018 confessione
711 1979 766 2035 per
788 1958 950 2017 ludibrium
972 1961 1119 2018 malorum

63 2065 93 2107 rs
105 2047 232 2109 evadere
259 2049 386 2122 temptet
412 2065 558 2121 meorum,
580 2042 688 2126 <quasi
716 2043 825 2126 es>set‚
853 2048 932 2123 quod
958 2048 1046 2107 hodie
1072 2067 1120 2106 mc

105 2138 228 2212 torquet
256 2154 290 2195 ac
318 2137 442 2208 lacerat,
475 2135 553 2210 quod
581 2155 599 2194 a
626 2136 802 2195 deterrimae
829 2137 961 2196 mulieris
994 2138 1121 2196 caritate

105 2226 241 2285 discessi:
270 2218 334 2304 [sed
363 2218 455 2303 quod]
483 2225 606 2283 remedii
634 2227 694 2284 mei
719 2227 819 2302 patior
846 2225 985 2286 dolorem.
1031 2225 1119 2284 fidem

105 2314 253 2374 iustitiae!
281 2313 368 2372 fidem
395 2315 564 2373 severitatis
590 2315 749 2373 humanae!
777 2334 814 2372 ne
839 2316 988 2373 meretrici
1014 2316 1119 2391 prosit,

105 2403 156 2463 rel
179 2402 258 2477 quod
284 2404 540 2479 praevaricatione
562 2402 665 2463 videor
692 2404 863 2480 explicatus.
908 2422 962 2478 pro
985 2424 1032 2462 me
1059 2404 1121 2461 for·

178 2573 374 2656 argumentum
393 2589 443 2626 om.
457 2580 517 2624 ΒΜ
533 2573 574 2642 (ia
589 2589 674 2655 iqcrq
690 2573 753 2626 add.
768 2575 809 2642 m)
824 2582 844 2625 s
895 2571 1010 2626 CAVSA
1023 2573 1100 2626 XV
1088 2591 1120 2627 aa

106 2662 193 2727 marp
212 2644 298 2698 minio
313 2645 392 2712 picta
409 2652 442 2697 M
528 2643 629 2712 incipit
647 2643 772 2697 eiusdem
791 2645 826 2698 de
845 2643 990 2698 meretrice
1012 2645 1040 2698 et
1059 2644 1120 2697 eius

106 2715 198 2769 amico
221 2730 272 2783 per
293 2715 394 2767 veneni
415 2714 559 2782 potionem
582 2716 616 2768 de
641 2731 733 2768 amore
757 2715 787 2767 in
810 2716 906 2768 odium
928 2731 1006 2768 verso
1025 2717 1118 2770 Paris.

106 2791 181 2840 1618
263 2785 428 2838 emeretrix
445 2784 524 2854 lncip
543 2785 602 2839 odii
620 2785 701 2839 Potio
720 2787 840 2839 amatori
859 2787 888 2856 (I.
904 2802 928 2840 o
943 2786 973 2841 P.
988 2788 1123 2856 mentor

179 2891 293 2946 todire
311 2901 339 2944 Β
418 2891 590 2960 ipoterite
669 2858 843 2946 noceddeima
860 2902 888 2946 Β
964 2894 1085 2962 potius
1077 2912 1121 2946 m-

107 3017 185 3071 vidia
204 3026 232 3068 P
301 3021 335 3069 10
354 3014 469 3069 doloriri
484 3025 510 3069 Β
581 3022 650 3069 12
632 3008 720 3087 {quid
738 3026 760 3069 V
830 3018 889 3071 13
881 3036 910 3071 rn
925 3021 1036 3087 postet
1054 3017 1118 3072 add

110 3097 180 3143 VMo
239 3092 272 3141 14
292 3087 531 3141 confessionems
595 3092 628 3141 15
646 3088 793 3142 evaderem
811 3105 905 3143 eorum
923 3098 952 3142 Β
999 3093 1076 3158 temp
1077 3091 1120 3144 tet

106 3175 157 3214 om.
177 3168 199 3211 V
262 3159 344 3226 quasi
362 3160 435 3212 esset
452 3159 562 3227 scripsi:
582 3158 631 3212 sed
650 3181 685 3226 ως
703 3177 760 3213 non
777 3159 831 3214 hoc
849 3162 927 3214 este
990 3166 1022 3215 16
1042 3177 1059 3213 a
1057 3108 1120 3213 pla·

107 3232 186 3285 cerat
202 3238 237 3295 Β,
256 3241 356 3284 corna
441 3229 600 3283 teterrimae
618 3239 711 3294 BMpo
794 3237 827 3284 1⁷
847 3232 949 3286 dicessi
969 3246 996 3298 e3
1016 3231 1120 3284 disces-

107 3302 190 3356 sisset
208 3306 269 3368 (om.
285 3301 344 3369 sed)
357 3310 385 3354 Β
473 3302 522 3354 sed
541 3301 616 3369 quod
634 3303 720 3356 delevi
807 3303 882 3371 quod
900 3303 984 3356 hodie
1002 3301 1120 3355 remedii

107 3381 140 3427 M
209 3372 304 3425 dorem
322 3380 351 3424 Β
420 3371 503 3426 fidem
523 3384 549 3425 r:
574 3372 666 3426 eidem
684 3395 706 3426 ω
793 3380 826 3428 18
849 3380 912 3428 cate
930 3389 964 3426 ne
986 3374 1050 3427 add.
1070 3372 1118 3426 ad-

106 3443 230 3498 hibeatis
248 3452 281 3497 M
343 3443 489 3498 meretrice
507 3452 567 3510 Βνς
590 3444 742 3498 meretricii
760 3436 791 3514 (ri
809 3447 841 3498 ia
858 3448 924 3516 ras.)
939 3454 970 3497 M
1030 3444 1121 3514 possit

106 3524 159 3568 BV
228 3519 261 3568 19
279 3515 547 3583 praevaricationem
565 3523 626 3583 m'3
644 3516 865 3586 privaricatione
884 3529 898 3582 p
