2408 3840
102 160 181 224 ‘266
507 158 582 213 ODII
600 156 707 214 POTIO
725 157 739 211 I

116 330 196 387 sitan
218 328 318 402 fuerit,
341 330 375 386 ut
394 347 494 386 amare
513 327 684 402 desinerem,
708 328 813 386 contra
829 347 878 386 me
900 328 1061 386 inventum
1079 330 1131 402 est,

115 419 150 475 ut
172 418 285 476 invitus
309 417 444 476 odissem.

80 508 98 562 2
183 505 248 564 Hoc
270 508 400 581 primum
418 507 530 580 itaque,
552 505 674 579 iudices,
698 504 890 564 aelementis
912 505 1035 580 publica
1053 507 1130 581 peto,

115 614 161 667 ne,
184 593 263 670 quod
282 594 389 654 videtis
412 596 529 654 tristem
546 593 652 652 habitu
671 594 827 669 dirumque
845 596 1015 670 conspectu,
1032 593 1129 654 verbis

116 703 265 760 asperum,
289 685 477 742 contentione
501 673 677 757 terribilem,
702 701 799 743 mores
821 684 943 758 putetis.
988 683 1068 742 haec'
1085 685 1156 743 esta

114 773 169 830 illa
197 774 309 832 sanitas
336 791 415 846 mea,
443 773 491 830 hio
514 773 647 832 omnium
669 774 702 829 in
728 772 784 831 hac
808 774 939 848 corporis
962 774 1127 848 manusque

115 862 230 920 dierum
252 863 443 936 noctiumque
466 862 587 920 feritate
610 861 662 920 ille
685 860 772 919 modo
796 861 907 934 lenna,
931 861 996 935 ille,
1020 863 1049 920 si
1070 880 1126 937 cre-

115 951 199 1024 ditis,
222 952 348 1008 nimium
370 952 509 1009 remissus
534 952 650 1008 amator
673 949 824 1027 excandui.
870 951 1062 1025 miseremini,
1084 951 1125 1008 iu-

115 1040 206 1112 dioeS,
234 1059 271 1097 ne
300 1039 383 1098 vobis
411 1057 525 1098 venena
552 1041 594 1098 sic
623 1041 772 1114 imponat,
804 1041 961 1114 tamquam
986 1039 1044 1098 hoc
1070 1040 1124 1097 mei

74 1180 76 1189 ⁴
114 1130 240 1187 caritate
263 1130 429 1186 commenta
452 1129 500 1187 sit.
545 1147 631 1187 suum
655 1129 801 1202 animum,
828 1147 914 1187 suum
942 1129 1063 1187 tantum
1084 1145 1153 1186 seu

114 1219 184 1275 outa
210 1216 365 1276 fastidium
389 1218 441 1276 est.
488 1215 549 1274 odii
574 1218 727 1293 potionem
749 1219 853 1275 contra
875 1235 906 1276 se
934 1231 1022 1275 nemo
1046 1216 1123 1276 dabit

113 1307 235 1379 homini,
258 1308 317 1365 nisi
340 1325 428 1381 quem
451 1305 554 1364 oderit.
592 1304 702 1380 quaeso
724 1307 827 1381 itaque
848 1304 1045 1381 'obtestorque
1067 1323 1119 1377 vos,

114 1395 294 1453 sanctissimi
316 1397 382 1468 viri,
404 1397 440 1452 ut
458 1395 638 1453 calamitatis
661 1413 745 1453 meae
766 1394 886 1470 penitus
904 1395 1007 1454 velitis
1028 1394 1119 1453 existi-

113 1503 195 1541 mare
225 1503 400 1543 mensuram.
446 1483 563 1559 perdidi
589 1483 706 1557 infelix,
731 1483 810 1558 quod
838 1483 1017 1560 quandoque
1044 1483 1117 1560 potui

114 1590 214 1630 amere
233 1572 373 1647 desinere,
396 1575 497 1647 patior
518 1564 725 1632 necessitatem
742 1573 787 1630 rei
805 1591 896 1648 quam
918 1572 1052 1632 breviter
1068 1572 1143 1630 uti-a

115 1681 171 1736 quc
202 1656 375 1720 noluissem:
412 1663 598 1739 excogitatur
629 1663 734 1720 contra
765 1662 898 1720 animum
936 1662 1115 1737 futuramque

113 1751 272 1824 rationem,
304 1768 353 1824 ne,
387 1750 466 1826 quod
496 1751 723 1826 relinqueretur,
758 1769 840 1810 meus
874 1753 953 1810 esset
985 1751 1114 1821 adfectam.

113 1841 222 1897 iterum
246 1859 312 1899 oum
334 1839 489 1897 meretrico
512 1840 692 1915 compositus
716 1858 789 1912 sum,
811 1832 914 1898 rurant
938 1840 971 1897 in
995 1859 1026 1899 se
1048 1838 1114 1916 cogi·

113 1930 241 1988 tationes
268 1947 363 2002 meas,
390 1948 491 2002 rursus
518 1929 640 1988 retorsit
667 1929 779 2002 oculos,
808 1930 838 1986 et
863 1927 1017 1987 hominem
1040 1945 1113 2004 quen

113 2017 151 2076 ab
169 2017 355 2076 incommoda
383 2019 507 2076 caritate
527 2017 575 2075 vel
602 2018 724 2076 satietas
748 2016 796 2074 vel
815 2017 896 2076 aetas
921 2017 970 2076 vel
989 2018 1139 2076 fortunae»

113 2125 183 2164 suae
208 2106 267 2164 fuit
294 2106 452 2165 dimissura
479 2105 624 2180 condicio,
649 2105 686 2164 ad
713 2108 888 2181 perpetuam
915 2107 1113 2182 inpatientiam

113 2195 226 2254 viribus
248 2196 358 2253 nimiae
377 2195 560 2254 diversitatis
583 2195 731 2270 inplicuit.
768 2196 824 2254 hoc
842 2194 939 2254 solum
961 2192 1112 2255 insanabile

113 2304 204 2361 genus
229 2286 337 2343 amoris
361 2286 414 2358 est,
436 2286 471 2342 ut
494 2284 590 2343 odisse
613 2285 737 2361 cogaris.
774 2282 884 2343 festina
905 2283 945 2342 ad
963 2285 1111 2360 comploro·

112 2373 224 2431 tionem
247 2374 410 2453 praesentis
434 2373 552 2447 doloris,
577 2374 682 2446 anime,
705 2373 827 2446 festina,
850 2372 902 2430 sed
924 2375 955 2431 te
980 2391 999 2431 a
1022 2371 1111 2450 priori·

111 2461 166 2520 bus
190 2463 276 2521 malis
294 2480 396 2520 recens
420 2461 540 2520 abducit
527 2460 736 2538 tindignitas·
759 2463 849 2519 altius
872 2463 1013 2538 gemitus,
1037 2462 1137 2520 aluus

113 2552 238 2651 querela·
259 2549 420 2627 repetenda
448 2553 500 2609 est
547 2568 614 2608 cum
640 2551 803 2609 meretricis
831 2551 872 2609 sit
899 2550 980 2625 quod
1012 2553 1112 2610 amator

111 2639 170 2749 odi,
194 2639 276 2698 cuius
271 2641 413 2750 putatis
437 2658 499 2699 esse
524 2638 602 2715 quod
625 2658 738 2715 pauper
761 2636 922 2698 adamavi?

185 2791 347 2845 lforsitam
365 2799 398 2844 Β
455 2790 610 2844 3iudices:
630 2790 660 2844 id
673 2799 743 2843 Bw
802 2806 820 2843 a
833 2789 998 2846 clementia.
1019 2789 1112 2845 aden

110 2863 219 2916 mantia
232 2871 260 2915 Β
313 2862 502 2932 4ἁ1ξιιιηι(θ
521 2864 615 2930 ειμι
666 2861 948 2915 boontentioneml
1000 2865 1044 2916 est
1060 2859 1112 2914 illa:

111 2933 188 2986 stilla
206 2942 245 2998 Β;
264 2933 315 2987 illa
334 2935 377 2986 est
395 2942 427 2985 Β
497 2933 590 2986 chio:
610 2933 686 2986 sios
739 2949 772 2986 ac
790 2941 825 3000 Β,
842 2942 953 3001 supas
1028 2925 1112 2987 711ῐί-

110 3007 200 3058 tatcm
218 3014 246 3058 Β
324 3005 419 3058 modo:
443 3018 542 3069 veroa
622 3004 761 3057 lentuss:
783 3003 874 3056 laetus
893 3025 916 3055 ω
1010 3010 1113 3060 evene·

110 3076 212 3143 ficas;
235 3076 384 3129 venenaria
386 3072 462 3131 Sel
542 3075 583 3128 sic
601 3075 748 3144 imponant
765 3083 817 3127 BV
832 3074 881 3141 (-'1c
899 3074 952 3127 im·
970 3076 1004 3130 in
1021 3093 1073 3131 rae.
1084 3074 1112 3137 Ι)

112 3152 143 3199 11
165 3150 207 3201 est
195 3146 412 3201 tfastidiumt
476 3153 508 3200 13
527 3146 660 3200 volitiss
728 3150 761 3198 16
780 3144 963 3211 νοῙιιίεεοιιιβ
1037 3152 1070 3201 20
1084 3141 1112 3196 ab

110 3236 160 3272 om
175 3227 204 3271 Β
291 3218 334 3272 vel
354 3220 432 3272 aetas
455 3236 505 3273 orn
519 3227 554 3286 Β,
576 3221 608 3272 ia
626 3228 743 3287 marpo
828 3222 861 3270 21
886 3216 1072 3287 inpotentiam
1085 3221 1112 3274 Ι.

109 3307 178 3344 coru
199 3300 215 3340 a
306 3295 339 3342 23
365 3290 467 3344 amoris
494 3290 569 3344 obre
597 3288 695 3342 mortis
718 3310 740 3340 ω
764 3291 818 3358 (est
839 3288 938 3341 mortis
961 3293 1008 3357 V);
1035 3282 1112 3343 morb1

112 3361 160 3414 Gr.
221 3360 353 3429 cogitaris
372 3369 400 3413 Β
461 3367 495 3414 24
513 3359 668 3429 praesentis
688 3359 804 3414 doloris:
823 3358 915 3413 fidelis
934 3369 956 3411 v
1016 3360 1110 3414 sedta·

110 3468 287 3521 seditem
357 3484 385 3521 a:
408 3445 465 3520 ad
458 3476 486 3520 Β
557 3470 590 3519 25
610 3465 785 3537 adducitssj
800 3431 901 3520 kducit
918 3475 940 3518 V
1004 3465 1111 3537 gemin·

105 3538 193 3594 altius
212 3557 263 3597 om.
281 3547 318 3608 Β,
338 3556 414 3611 supr.
428 3560 460 3593 m
530 3544 566 3592 ‘lt
584 3536 707 3607 querella
723 3546 752 3590 Β
