<?xml version="1.0" encoding="UTF-8"?>
<!DOCTYPE html PUBLIC "-//W3C//DTD XHTML 1.0 Transitional//EN"
    "http://www.w3.org/TR/xhtml1/DTD/xhtml1-transitional.dtd">
<html xmlns="http://www.w3.org/1999/xhtml" xml:lang="en" lang="en">
 <head>
  <title>
</title>
<meta http-equiv="Content-Type" content="text/html;charset=utf-8" />
  <meta name='ocr-system' content='tesseract 3.04.00' />
  <meta name='ocr-capabilities' content='ocr_page ocr_carea ocr_par ocr_line ocrx_word'/>
</head>
<body>
  <div class='ocr_page' id='page_1' title='image "./qvintilianiqvae01quingoog_0323.png"; bbox 0 0 2408 3840; ppageno 0'>
   <div class='ocr_carea' id='block_1_1' title="bbox 134 143 763 211">
    <p class='ocr_par' dir='ltr' id='par_1_1' title="bbox 134 143 763 211">
     <span class='ocr_line' id='line_1_1' title="bbox 134 143 763 211; baseline -0.021 0"><span class='ocrx_word' id='word_1_1' title='bbox 134 149 197 211; x_wconf 78' lang='lat'><strong>288</strong></span> <span class='ocrx_word' id='word_1_2' title='bbox 519 148 595 204; x_wconf 77' lang='lat' dir='ltr'><strong>Onu</strong></span> <span class='ocrx_word' id='word_1_3' title='bbox 613 143 720 203; x_wconf 82' lang='lat' dir='ltr'>POTIO</span> <span class='ocrx_word' id='word_1_4' title='bbox 738 145 763 199; x_wconf 86' lang='grc' dir='ltr'><em>Π</em></span> 
     </span>
    </p>
   </div>
   <div class='ocr_carea' id='block_1_2' title="bbox 81 313 1170 2887">
    <p class='ocr_par' dir='ltr' id='par_1_2' title="bbox 81 313 1170 2887">
     <span class='ocr_line' id='line_1_2' title="bbox 133 313 1137 392; baseline -0.005 -16"><span class='ocrx_word' id='word_1_5' title='bbox 133 317 235 390; x_wconf 66' lang='lat' dir='ltr'><strong>sitam,</strong></span> <span class='ocrx_word' id='word_1_6' title='bbox 266 316 378 377; x_wconf 84' lang='lat' dir='ltr'><strong>viribus</strong></span> <span class='ocrx_word' id='word_1_7' title='bbox 415 318 536 392; x_wconf 88' lang='lat' dir='ltr'><strong>quantis</strong></span> <span class='ocrx_word' id='word_1_8' title='bbox 570 317 730 389; x_wconf 89' lang='lat' dir='ltr'><strong>adamasti,</strong></span> <span class='ocrx_word' id='word_1_9' title='bbox 765 333 802 373; x_wconf 87' lang='lat' dir='ltr'><strong>ne</strong></span> <span class='ocrx_word' id='word_1_10' title='bbox 834 313 1021 390; x_wconf 80' lang='lat' dir='ltr'><strong>resipisceres</strong></span> <span class='ocrx_word' id='word_1_11' title='bbox 1052 331 1137 390; x_wconf 86' lang='lat' dir='ltr'><strong>neque</strong></span> 
     </span>
     <span class='ocr_line' id='line_1_3' title="bbox 132 402 1138 481; baseline -0.002 -18"><span class='ocrx_word' id='word_1_12' title='bbox 132 407 302 481; x_wconf 87' lang='lat' dir='ltr'><strong>frequenter</strong></span> <span class='ocrx_word' id='word_1_13' title='bbox 323 407 355 464; x_wconf 90' lang='lat' dir='ltr'><strong>in</strong></span> <span class='ocrx_word' id='word_1_14' title='bbox 378 407 476 465; x_wconf 86' lang='lat' dir='ltr'><strong>media</strong></span> <span class='ocrx_word' id='word_1_15' title='bbox 494 408 623 466; x_wconf 85' lang='lat' dir='ltr'><strong>sanitate</strong></span> <span class='ocrx_word' id='word_1_16' title='bbox 646 407 827 467; x_wconf 78' lang='lat' dir='ltr'><strong>subsisteres.</strong></span> <span class='ocrx_word' id='word_1_17' title='bbox 864 403 954 479; x_wconf 84' lang='lat' dir='ltr'><strong>quale</strong></span> <span class='ocrx_word' id='word_1_18' title='bbox 975 402 1034 462; x_wconf 89' lang='lat' dir='ltr'><strong>tibi</strong></span> <span class='ocrx_word' id='word_1_19' title='bbox 1056 422 1138 462; x_wconf 81' lang='lat' dir='ltr'><strong>reme</strong></span> 
     </span>
     <span class='ocr_line' id='line_1_4' title="bbox 133 491 1140 569; baseline -0.002 -17"><span class='ocrx_word' id='word_1_20' title='bbox 133 495 215 553; x_wconf 89' lang='lat' dir='ltr'><strong>dium</strong></span> <span class='ocrx_word' id='word_1_21' title='bbox 234 494 369 554; x_wconf 84' lang='lat' dir='ltr'><strong>debuerit</strong></span> <span class='ocrx_word' id='word_1_22' title='bbox 387 494 536 569; x_wconf 87' lang='lat' dir='ltr'><strong>adhibere,</strong></span> <span class='ocrx_word' id='word_1_23' title='bbox 558 496 606 556; x_wconf 88' lang='lat' dir='ltr'><strong>vel</strong></span> <span class='ocrx_word' id='word_1_24' title='bbox 625 515 660 555; x_wconf 85' lang='lat' dir='ltr'><strong>ex</strong></span> <span class='ocrx_word' id='word_1_25' title='bbox 677 495 819 554; x_wconf 87' lang='lat' dir='ltr'><strong>hodierne</strong></span> <span class='ocrx_word' id='word_1_26' title='bbox 838 493 926 567; x_wconf 77' lang='lat' dir='ltr'><strong>senti,</strong></span> <span class='ocrx_word' id='word_1_27' title='bbox 948 492 1074 565; x_wconf 85' lang='lat' dir='ltr'><strong>iuvenis,</strong></span> <span class='ocrx_word' id='word_1_28' title='bbox 1095 491 1140 550; x_wconf 89' lang='lat' dir='ltr'><strong>ad·</strong></span> 
     </span>
     <span class='ocr_line' id='line_1_5' title="bbox 133 581 1141 660; baseline -0.002 -19"><span class='ocrx_word' id='word_1_29' title='bbox 133 585 221 642; x_wconf 84' lang='lat' dir='ltr'><strong>fectu.</strong></span> <span class='ocrx_word' id='word_1_30' title='bbox 266 604 321 659; x_wconf 91' lang='lat' dir='ltr'><strong>pro</strong></span> <span class='ocrx_word' id='word_1_31' title='bbox 353 585 471 643; x_wconf 88' lang='lat' dir='ltr'><strong>homine</strong></span> <span class='ocrx_word' id='word_1_32' title='bbox 500 585 552 660; x_wconf 91' lang='lat' dir='ltr'><strong>qui</strong></span> <span class='ocrx_word' id='word_1_33' title='bbox 582 587 652 660; x_wconf 87' lang='lat' dir='ltr'><strong>post</strong></span> <span class='ocrx_word' id='word_1_34' title='bbox 680 583 781 644; x_wconf 88' lang='lat' dir='ltr'><strong>odium</strong></span> <span class='ocrx_word' id='word_1_35' title='bbox 809 581 945 658; x_wconf 86' lang='lat' dir='ltr'><strong>queritur</strong></span> <span class='ocrx_word' id='word_1_36' title='bbox 975 581 1058 657; x_wconf 89' lang='lat' dir='ltr'><strong>quod</strong></span> <span class='ocrx_word' id='word_1_37' title='bbox 1089 601 1141 640; x_wconf 90' lang='lat' dir='ltr'><strong>non</strong></span> 
     </span>
     <span class='ocr_line' id='line_1_6' title="bbox 134 670 1170 748; baseline -0.001 -17"><span class='ocrx_word' id='word_1_38' title='bbox 134 676 221 747; x_wconf 79' lang='lat' dir='ltr'><strong>amet,</strong></span> <span class='ocrx_word' id='word_1_39' title='bbox 243 692 351 748; x_wconf 88' lang='lat' dir='ltr'><strong>parum</strong></span> <span class='ocrx_word' id='word_1_40' title='bbox 373 674 440 746; x_wconf 85' lang='lat' dir='ltr'><strong>fuit,</strong></span> <span class='ocrx_word' id='word_1_41' title='bbox 463 674 488 732; x_wconf 90' lang='lat' dir='ltr'><strong>si</strong></span> <span class='ocrx_word' id='word_1_42' title='bbox 511 692 611 733; x_wconf 90' lang='lat' dir='ltr'><strong>amare</strong></span> <span class='ocrx_word' id='word_1_43' title='bbox 634 673 789 733; x_wconf 87' lang='lat' dir='ltr'><strong>desineret.</strong></span> <span class='ocrx_word' id='word_1_44' title='bbox 827 671 898 730; x_wconf 91' lang='lat' dir='ltr'><strong>audi</strong></span> <span class='ocrx_word' id='word_1_45' title='bbox 920 670 1025 748; x_wconf 81' lang='lat' dir='ltr'><strong>igitur,</strong></span> <span class='ocrx_word' id='word_1_46' title='bbox 1048 671 1170 748; x_wconf 76' lang='lat' dir='ltr'><strong>ingre-e</strong></span> 
     </span>
     <span class='ocr_line' id='line_1_7' title="bbox 133 761 1141 838; baseline -0.002 -18"><span class='ocrx_word' id='word_1_47' title='bbox 133 762 254 836; x_wconf 83' lang='lat' dir='ltr'><strong>tissime,</strong></span> <span class='ocrx_word' id='word_1_48' title='bbox 278 765 424 837; x_wconf 88' lang='lat' dir='ltr'><strong>quatenus</strong></span> <span class='ocrx_word' id='word_1_49' title='bbox 443 762 481 820; x_wconf 93' lang='lat' dir='ltr'><strong>ad</strong></span> <span class='ocrx_word' id='word_1_50' title='bbox 503 763 638 838; x_wconf 90' lang='lat' dir='ltr'><strong>publicas</strong></span> <span class='ocrx_word' id='word_1_51' title='bbox 656 781 742 821; x_wconf 86' lang='lat' dir='ltr'><strong>eures</strong></span> <span class='ocrx_word' id='word_1_52' title='bbox 760 761 873 820; x_wconf 88' lang='lat' dir='ltr'><strong>secreta</strong></span> <span class='ocrx_word' id='word_1_53' title='bbox 890 761 993 819; x_wconf 86' lang='lat' dir='ltr'><strong>vestre</strong></span> <span class='ocrx_word' id='word_1_54' title='bbox 1016 761 1141 836; x_wconf 87' lang='lat' dir='ltr'><strong>proferre</strong></span> 
     </span>
     <span class='ocr_line' id='line_1_8' title="bbox 134 848 1142 926; baseline -0.002 -16"><span class='ocrx_word' id='word_1_55' title='bbox 134 852 268 910; x_wconf 85' lang='lat' dir='ltr'><strong>voluisti:</strong></span> <span class='ocrx_word' id='word_1_56' title='bbox 296 851 372 910; x_wconf 88' lang='lat' dir='ltr'><strong>dedi.</strong></span> <span class='ocrx_word' id='word_1_57' title='bbox 418 851 490 926; x_wconf 91' lang='lat' dir='ltr'><strong>quid</strong></span> <span class='ocrx_word' id='word_1_58' title='bbox 513 853 605 926; x_wconf 89' lang='lat' dir='ltr'><strong>enim,</strong></span> <span class='ocrx_word' id='word_1_59' title='bbox 626 853 738 926; x_wconf 85' lang='lat' dir='ltr'><strong>inquit,</strong></span> <span class='ocrx_word' id='word_1_60' title='bbox 766 851 891 909; x_wconf 86' lang='lat' dir='ltr'><strong>facerem</strong></span> <span class='ocrx_word' id='word_1_61' title='bbox 918 867 995 924; x_wconf 89' lang='lat' dir='ltr'><strong>quae</strong></span> <span class='ocrx_word' id='word_1_62' title='bbox 1018 848 1142 908; x_wconf 82' lang='lat' dir='ltr'><strong>remedie</strong></span> 
     </span>
     <span class='ocr_line' id='line_1_9' title="bbox 133 937 1141 1016; baseline -0.002 -17"><span class='ocrx_word' id='word_1_63' title='bbox 133 943 187 999; x_wconf 92' lang='lat' dir='ltr'><strong>tua</strong></span> <span class='ocrx_word' id='word_1_64' title='bbox 210 941 306 998; x_wconf 88' lang='lat' dir='ltr'><strong>multa</strong></span> <span class='ocrx_word' id='word_1_65' title='bbox 328 938 538 1016; x_wconf 76' lang='lat' dir='ltr'><strong>perdideram?</strong></span> <span class='ocrx_word' id='word_1_66' title='bbox 582 940 658 998; x_wconf 84' lang='lat' dir='ltr'><strong>ferre</strong></span> <span class='ocrx_word' id='word_1_67' title='bbox 684 942 793 1000; x_wconf 85' lang='lat' dir='ltr'><strong>misera</strong></span> <span class='ocrx_word' id='word_1_68' title='bbox 815 957 875 997; x_wconf 89' lang='lat' dir='ltr'><strong>non</strong></span> <span class='ocrx_word' id='word_1_69' title='bbox 901 940 1042 1013; x_wconf 59' lang='lat' dir='ltr'><strong>postram</strong></span> <span class='ocrx_word' id='word_1_70' title='bbox 1070 937 1141 1014; x_wconf 89' lang='lat' dir='ltr'><strong>quod</strong></span> 
     </span>
     <span class='ocr_line' id='line_1_10' title="bbox 133 1027 1140 1105; baseline -0.001 -18"><span class='ocrx_word' id='word_1_71' title='bbox 133 1034 163 1087; x_wconf 85' lang='lat' dir='ltr'><strong>te</strong></span> <span class='ocrx_word' id='word_1_72' title='bbox 181 1029 242 1087; x_wconf 91' lang='lat' dir='ltr'><strong>iam</strong></span> <span class='ocrx_word' id='word_1_73' title='bbox 261 1032 421 1105; x_wconf 87' lang='lat' dir='ltr'><strong>coeperunt</strong></span> <span class='ocrx_word' id='word_1_74' title='bbox 439 1047 540 1088; x_wconf 88' lang='lat' dir='ltr'><strong>omnes</strong></span> <span class='ocrx_word' id='word_1_75' title='bbox 558 1029 654 1088; x_wconf 90' lang='lat' dir='ltr'><strong>ridere</strong></span> <span class='ocrx_word' id='word_1_76' title='bbox 672 1028 848 1087; x_wconf 79' lang='lat' dir='ltr'><strong>meretrices.</strong></span> <span class='ocrx_word' id='word_1_77' title='bbox 884 1030 997 1102; x_wconf 88' lang='lat' dir='ltr'><strong>repete,</strong></span> <span class='ocrx_word' id='word_1_78' title='bbox 1013 1027 1140 1105; x_wconf 81' lang='lat' dir='ltr'><strong>agedum,</strong></span> 
     </span>
     <span class='ocr_line' id='line_1_11' title="bbox 132 1116 1169 1194; baseline -0.004 -18"><span class='ocrx_word' id='word_1_79' title='bbox 132 1120 252 1176; x_wconf 91' lang='lat' dir='ltr'><strong>illarum</strong></span> <span class='ocrx_word' id='word_1_80' title='bbox 270 1119 428 1194; x_wconf 89' lang='lat' dir='ltr'><strong>conloquia</strong></span> <span class='ocrx_word' id='word_1_81' title='bbox 445 1120 578 1177; x_wconf 88' lang='lat' dir='ltr'><strong>noctium</strong></span> <span class='ocrx_word' id='word_1_82' title='bbox 602 1117 708 1194; x_wconf 89' lang='lat' dir='ltr'><strong>quibus</strong></span> <span class='ocrx_word' id='word_1_83' title='bbox 731 1120 761 1177; x_wconf 85' lang='lat' dir='ltr'><strong>te</strong></span> <span class='ocrx_word' id='word_1_84' title='bbox 784 1117 956 1191; x_wconf 85' lang='lat' dir='ltr'><strong>frequenter</strong></span> <span class='ocrx_word' id='word_1_85' title='bbox 972 1116 1097 1175; x_wconf 86' lang='lat' dir='ltr'><strong>alterius</strong></span> <span class='ocrx_word' id='word_1_86' title='bbox 1115 1117 1141 1174; x_wconf 87' lang='lat' dir='ltr'><strong>et</strong></span> <span class='ocrx_word' id='word_1_87' title='bbox 1152 1134 1169 1173; x_wconf 82' lang='lat' dir='ltr'><strong>a</strong></span> 
     </span>
     <span class='ocr_line' id='line_1_12' title="bbox 133 1205 1139 1282; baseline -0.001 -18"><span class='ocrx_word' id='word_1_88' title='bbox 133 1210 258 1266; x_wconf 77' lang='lat' dir='ltr'><strong>fortasse</strong></span> <span class='ocrx_word' id='word_1_89' title='bbox 277 1206 380 1266; x_wconf 84' lang='lat' dir='ltr'><strong>divitis</strong></span> <span class='ocrx_word' id='word_1_90' title='bbox 399 1208 540 1266; x_wconf 84' lang='lat' dir='ltr'><strong>amatoris</strong></span> <span class='ocrx_word' id='word_1_91' title='bbox 563 1207 674 1265; x_wconf 84' lang='lat' dir='ltr'><strong>iniuria</strong></span> <span class='ocrx_word' id='word_1_92' title='bbox 691 1209 843 1282; x_wconf 89' lang='lat' dir='ltr'><strong>receptum</strong></span> <span class='ocrx_word' id='word_1_93' title='bbox 861 1205 942 1263; x_wconf 87' lang='lat' dir='ltr'><strong>inter</strong></span> <span class='ocrx_word' id='word_1_94' title='bbox 960 1205 1064 1264; x_wconf 90' lang='lat' dir='ltr'><strong>oscula</strong></span> <span class='ocrx_word' id='word_1_95' title='bbox 1086 1225 1139 1263; x_wconf 88' lang='lat' dir='ltr'><strong>em·</strong></span> 
     </span>
     <span class='ocr_line' id='line_1_13' title="bbox 132 1287 1139 1371; baseline -0.003 -17"><span class='ocrx_word' id='word_1_96' title='bbox 132 1298 295 1371; x_wconf 77' lang='lat' dir='ltr'><strong>plenusque</strong></span> <span class='ocrx_word' id='word_1_97' title='bbox 317 1297 427 1355; x_wconf 89' lang='lat' dir='ltr'><strong>monui.</strong></span> <span class='ocrx_word' id='word_1_98' title='bbox 465 1295 536 1371; x_wconf 89' lang='lat' dir='ltr'><strong>quid</strong></span> <span class='ocrx_word' id='word_1_99' title='bbox 555 1297 644 1356; x_wconf 90' lang='lat' dir='ltr'><strong>miser</strong></span> <span class='ocrx_word' id='word_1_100' title='bbox 661 1314 728 1355; x_wconf 86' lang='lat' dir='ltr'><strong>cum</strong></span> <span class='ocrx_word' id='word_1_101' title='bbox 750 1287 880 1366; x_wconf 68' lang='lat' dir='ltr'><strong>fimana,</strong></span> <span class='ocrx_word' id='word_1_102' title='bbox 903 1293 1064 1369; x_wconf 84' lang='lat' dir='ltr'><strong>quidcem</strong></span> <span class='ocrx_word' id='word_1_103' title='bbox 1081 1306 1139 1352; x_wconf 84' lang='lat' dir='ltr'><strong>mee</strong></span> 
     </span>
     <span class='ocr_line' id='line_1_14' title="bbox 133 1382 1138 1461; baseline -0.003 -18"><span class='ocrx_word' id='word_1_104' title='bbox 133 1384 303 1443; x_wconf 90' lang='lat' dir='ltr'><strong>condicione</strong></span> <span class='ocrx_word' id='word_1_105' title='bbox 330 1382 456 1444; x_wconf 81' lang='lat' dir='ltr'><strong>rixeris?</strong></span> <span class='ocrx_word' id='word_1_106' title='bbox 501 1403 589 1461; x_wconf 86' lang='lat' dir='ltr'><strong>parce</strong></span> <span class='ocrx_word' id='word_1_107' title='bbox 616 1384 840 1443; x_wconf 85' lang='lat' dir='ltr'><strong>necessitatibus</strong></span> <span class='ocrx_word' id='word_1_108' title='bbox 868 1383 956 1442; x_wconf 88' lang='lat' dir='ltr'><strong>meis:</strong></span> <span class='ocrx_word' id='word_1_109' title='bbox 987 1383 1047 1442; x_wconf 88' lang='lat' dir='ltr'><strong>duo</strong></span> <span class='ocrx_word' id='word_1_110' title='bbox 1073 1401 1138 1459; x_wconf 87' lang='lat' dir='ltr'><strong>peu·</strong></span> 
     </span>
     <span class='ocr_line' id='line_1_15' title="bbox 132 1471 1138 1549; baseline -0.001 -18"><span class='ocrx_word' id='word_1_111' title='bbox 132 1492 216 1549; x_wconf 91' lang='lat' dir='ltr'><strong>peres</strong></span> <span class='ocrx_word' id='word_1_112' title='bbox 245 1493 353 1533; x_wconf 89' lang='lat' dir='ltr'><strong>sumus.</strong></span> <span class='ocrx_word' id='word_1_113' title='bbox 400 1473 451 1533; x_wconf 91' lang='lat' dir='ltr'><strong>sed</strong></span> <span class='ocrx_word' id='word_1_114' title='bbox 474 1476 505 1532; x_wconf 90' lang='lat' dir='ltr'><strong>et</strong></span> <span class='ocrx_word' id='word_1_115' title='bbox 526 1476 561 1532; x_wconf 90' lang='lat' dir='ltr'><strong>tu</strong></span> <span class='ocrx_word' id='word_1_116' title='bbox 585 1473 720 1548; x_wconf 88' lang='lat' dir='ltr'><strong>quotiens</strong></span> <span class='ocrx_word' id='word_1_117' title='bbox 747 1474 779 1530; x_wconf 92' lang='lat' dir='ltr'><strong>in</strong></span> <span class='ocrx_word' id='word_1_118' title='bbox 802 1472 883 1532; x_wconf 91' lang='lat' dir='ltr'><strong>sinus</strong></span> <span class='ocrx_word' id='word_1_119' title='bbox 906 1489 988 1532; x_wconf 87' lang='lat' dir='ltr'><strong>meos</strong></span> <span class='ocrx_word' id='word_1_120' title='bbox 1016 1471 1138 1532; x_wconf 73' lang='lat' dir='ltr'><strong>lacrimis</strong></span> 
     </span>
     <span class='ocr_line' id='line_1_16' title="bbox 133 1561 1165 1638; baseline -0.003 -19"><span class='ocrx_word' id='word_1_121' title='bbox 133 1563 264 1638; x_wconf 89' lang='lat' dir='ltr'><strong>fletuque</strong></span> <span class='ocrx_word' id='word_1_122' title='bbox 282 1563 429 1623; x_wconf 87' lang='lat' dir='ltr'><strong>resolutus</strong></span> <span class='ocrx_word' id='word_1_123' title='bbox 448 1563 632 1621; x_wconf 78' lang='lat' dir='ltr'><strong>exclamasti:</strong></span> <span class='ocrx_word' id='word_1_124' title='bbox 656 1563 751 1621; x_wconf 88' lang='lat' dir='ltr'><strong>sentio</strong></span> <span class='ocrx_word' id='word_1_125' title='bbox 770 1561 911 1635; x_wconf 85' lang='lat' dir='ltr'><strong>furorem,</strong></span> <span class='ocrx_word' id='word_1_126' title='bbox 930 1561 982 1620; x_wconf 90' lang='lat' dir='ltr'><strong>sed</strong></span> <span class='ocrx_word' id='word_1_127' title='bbox 1000 1563 1138 1638; x_wconf 83' lang='lat' dir='ltr'><strong>imperare</strong></span> <span class='ocrx_word' id='word_1_128' title='bbox 1149 1577 1165 1618; x_wconf 85' lang='lat' dir='ltr'><strong>a</strong></span> 
     </span>
     <span class='ocr_line' id='line_1_17' title="bbox 134 1650 1137 1728; baseline -0.001 -19"><span class='ocrx_word' id='word_1_129' title='bbox 134 1653 235 1726; x_wconf 88' lang='lat' dir='ltr'><strong>oculis,</strong></span> <span class='ocrx_word' id='word_1_130' title='bbox 258 1652 310 1710; x_wconf 89' lang='lat' dir='ltr'><strong>sed</strong></span> <span class='ocrx_word' id='word_1_131' title='bbox 333 1652 464 1710; x_wconf 88' lang='lat' dir='ltr'><strong>animum</strong></span> <span class='ocrx_word' id='word_1_132' title='bbox 482 1670 583 1728; x_wconf 84' lang='lat' dir='ltr'><strong>regere</strong></span> <span class='ocrx_word' id='word_1_133' title='bbox 606 1670 666 1709; x_wconf 88' lang='lat' dir='ltr'><strong>nen</strong></span> <span class='ocrx_word' id='word_1_134' title='bbox 688 1651 821 1727; x_wconf 86' lang='lat' dir='ltr'><strong>possum!</strong></span> <span class='ocrx_word' id='word_1_135' title='bbox 845 1668 936 1725; x_wconf 90' lang='lat' dir='ltr'><strong>quam</strong></span> <span class='ocrx_word' id='word_1_136' title='bbox 957 1650 1085 1710; x_wconf 77' lang='lat' dir='ltr'><strong>libenter</strong></span> <span class='ocrx_word' id='word_1_137' title='bbox 1103 1653 1137 1722; x_wconf 88' lang='lat' dir='ltr'><strong>te,</strong></span> 
     </span>
     <span class='ocr_line' id='line_1_18' title="bbox 133 1738 1137 1818; baseline 0.001 -21"><span class='ocrx_word' id='word_1_138' title='bbox 133 1741 248 1813; x_wconf 86' lang='lat' dir='ltr'><strong>mulier,</strong></span> <span class='ocrx_word' id='word_1_139' title='bbox 274 1740 414 1800; x_wconf 88' lang='lat' dir='ltr'><strong>odissem!</strong></span> <span class='ocrx_word' id='word_1_140' title='bbox 459 1759 519 1799; x_wconf 88' lang='lat' dir='ltr'><strong>non</strong></span> <span class='ocrx_word' id='word_1_141' title='bbox 542 1743 587 1800; x_wconf 85' lang='lat' dir='ltr'><strong>est</strong></span> <span class='ocrx_word' id='word_1_142' title='bbox 609 1741 711 1818; x_wconf 86' lang='lat' dir='ltr'><strong>igitur,</strong></span> <span class='ocrx_word' id='word_1_143' title='bbox 738 1738 942 1816; x_wconf 75' lang='lat' dir='ltr'><strong>ingratissime</strong></span> <span class='ocrx_word' id='word_1_144' title='bbox 963 1739 1137 1810; x_wconf 78' lang='lat' dir='ltr'><strong>mortalium,</strong></span> 
     </span>
     <span class='ocr_line' id='line_1_19' title="bbox 134 1825 1136 1905; baseline 0 -19"><span class='ocrx_word' id='word_1_145' title='bbox 134 1829 212 1904; x_wconf 89' lang='lat' dir='ltr'><strong>quod</strong></span> <span class='ocrx_word' id='word_1_146' title='bbox 235 1829 409 1888; x_wconf 89' lang='lat' dir='ltr'><strong>beneficium</strong></span> <span class='ocrx_word' id='word_1_147' title='bbox 431 1832 567 1888; x_wconf 84' lang='lat' dir='ltr'><strong>nostrum</strong></span> <span class='ocrx_word' id='word_1_148' title='bbox 588 1831 706 1888; x_wconf 90' lang='lat' dir='ltr'><strong>nomine</strong></span> <span class='ocrx_word' id='word_1_149' title='bbox 729 1825 860 1905; x_wconf 87' lang='lat' dir='ltr'><strong>potionis</strong></span> <span class='ocrx_word' id='word_1_150' title='bbox 882 1828 1019 1888; x_wconf 83' lang='lat' dir='ltr'><strong>infames.</strong></span> <span class='ocrx_word' id='word_1_151' title='bbox 1055 1846 1136 1887; x_wconf 78' lang='lat' dir='ltr'><strong>reme</strong></span> 
     </span>
     <span class='ocr_line' id='line_1_20' title="bbox 81 1914 1135 1993; baseline 0 -16"><span class='ocrx_word' id='word_1_152' title='bbox 81 1914 118 1970; x_wconf 74' lang='lat'><strong>13</strong></span> <span class='ocrx_word' id='word_1_153' title='bbox 133 1919 215 1977; x_wconf 92' lang='lat' dir='ltr'><strong>dium</strong></span> <span class='ocrx_word' id='word_1_154' title='bbox 237 1918 349 1993; x_wconf 80' lang='lat' dir='ltr'><strong>bibisti,</strong></span> <span class='ocrx_word' id='word_1_155' title='bbox 372 1917 423 1977; x_wconf 89' lang='lat' dir='ltr'><strong>sed</strong></span> <span class='ocrx_word' id='word_1_156' title='bbox 442 1919 518 1976; x_wconf 92' lang='lat' dir='ltr'><strong>illud</strong></span> <span class='ocrx_word' id='word_1_157' title='bbox 536 1918 638 1977; x_wconf 88' lang='lat' dir='ltr'><strong>odium</strong></span> <span class='ocrx_word' id='word_1_158' title='bbox 654 1922 740 1977; x_wconf 88' lang='lat' dir='ltr'><strong>tuum</strong></span> <span class='ocrx_word' id='word_1_159' title='bbox 759 1920 811 1977; x_wconf 89' lang='lat' dir='ltr'><strong>est.</strong></span> <span class='ocrx_word' id='word_1_160' title='bbox 849 1915 942 1993; x_wconf 78' lang='lat' dir='ltr'><strong>quid?</strong></span> <span class='ocrx_word' id='word_1_161' title='bbox 965 1917 1046 1993; x_wconf 89' lang='lat' dir='ltr'><strong>quod</strong></span> <span class='ocrx_word' id='word_1_162' title='bbox 1063 1918 1135 1989; x_wconf 74' lang='lat' dir='ltr'><strong>luris,</strong></span> 
     </span>
     <span class='ocr_line' id='line_1_21' title="bbox 133 2003 1162 2082; baseline -0.006 -16"><span class='ocrx_word' id='word_1_163' title='bbox 133 2008 318 2081; x_wconf 87' lang='lat' dir='ltr'><strong>conviciaris,</strong></span> <span class='ocrx_word' id='word_1_164' title='bbox 342 2008 499 2082; x_wconf 80' lang='lat' dir='ltr'><strong>exclamas,</strong></span> <span class='ocrx_word' id='word_1_165' title='bbox 523 2026 583 2065; x_wconf 90' lang='lat' dir='ltr'><strong>non</strong></span> <span class='ocrx_word' id='word_1_166' title='bbox 606 2010 651 2066; x_wconf 89' lang='lat' dir='ltr'><strong>est</strong></span> <span class='ocrx_word' id='word_1_167' title='bbox 672 2009 796 2067; x_wconf 90' lang='lat' dir='ltr'><strong>haustus</strong></span> <span class='ocrx_word' id='word_1_168' title='bbox 818 2007 900 2065; x_wconf 89' lang='lat' dir='ltr'><strong>illius</strong></span> <span class='ocrx_word' id='word_1_169' title='bbox 924 2006 1072 2081; x_wconf 83' lang='lat' dir='ltr'><strong>adfectus,</strong></span> <span class='ocrx_word' id='word_1_170' title='bbox 1091 2003 1162 2064; x_wconf 82' lang='lat' dir='ltr'><strong>sede</strong></span> 
     </span>
     <span class='ocr_line' id='line_1_22' title="bbox 133 2096 1134 2172; baseline -0.003 -16"><span class='ocrx_word' id='word_1_171' title='bbox 133 2117 223 2156; x_wconf 87' lang='lat' dir='ltr'><strong>amor.</strong></span> <span class='ocrx_word' id='word_1_172' title='bbox 260 2096 330 2156; x_wconf 88' lang='lat' dir='ltr'><strong>talis</strong></span> <span class='ocrx_word' id='word_1_173' title='bbox 354 2097 447 2155; x_wconf 86' lang='lat' dir='ltr'><strong>fuisti.</strong></span> <span class='ocrx_word' id='word_1_174' title='bbox 483 2097 565 2154; x_wconf 89' lang='lat' dir='ltr'><strong>aliud</strong></span> <span class='ocrx_word' id='word_1_175' title='bbox 587 2099 665 2172; x_wconf 79' lang='lat' dir='ltr'><strong>sunt,</strong></span> <span class='ocrx_word' id='word_1_176' title='bbox 688 2096 771 2156; x_wconf 91' lang='lat' dir='ltr'><strong>aliud</strong></span> <span class='ocrx_word' id='word_1_177' title='bbox 792 2097 840 2154; x_wconf 91' lang='lat' dir='ltr'><strong>illi</strong></span> <span class='ocrx_word' id='word_1_178' title='bbox 861 2113 935 2171; x_wconf 92' lang='lat' dir='ltr'><strong>quos</strong></span> <span class='ocrx_word' id='word_1_179' title='bbox 957 2096 990 2154; x_wconf 92' lang='lat' dir='ltr'><strong>in</strong></span> <span class='ocrx_word' id='word_1_180' title='bbox 1008 2097 1134 2171; x_wconf 81' lang='lat' dir='ltr'><strong>volupta-</strong></span> 
     </span>
     <span class='ocr_line' id='line_1_23' title="bbox 132 2183 1133 2260; baseline -0.002 -17"><span class='ocrx_word' id='word_1_181' title='bbox 132 2191 176 2245; x_wconf 81' lang='lat' dir='ltr'><strong>tes</strong></span> <span class='ocrx_word' id='word_1_182' title='bbox 200 2185 443 2260; x_wconf 87' lang='lat' dir='ltr'><strong>superfluentium</strong></span> <span class='ocrx_word' id='word_1_183' title='bbox 465 2186 656 2244; x_wconf 80' lang='lat' dir='ltr'><strong>facultatium</strong></span> <span class='ocrx_word' id='word_1_184' title='bbox 678 2185 774 2244; x_wconf 90' lang='lat' dir='ltr'><strong>mittit</strong></span> <span class='ocrx_word' id='word_1_185' title='bbox 796 2202 900 2244; x_wconf 88' lang='lat' dir='ltr'><strong>secura</strong></span> <span class='ocrx_word' id='word_1_186' title='bbox 923 2185 1062 2244; x_wconf 85' lang='lat' dir='ltr'><strong>felicitas.</strong></span> <span class='ocrx_word' id='word_1_187' title='bbox 1097 2183 1133 2241; x_wconf 86' lang='lat' dir='ltr'><strong>in·</strong></span> 
     </span>
     <span class='ocr_line' id='line_1_24' title="bbox 132 2272 1132 2351; baseline -0.004 -18"><span class='ocrx_word' id='word_1_188' title='bbox 132 2274 253 2351; x_wconf 89' lang='lat' dir='ltr'><strong>probius</strong></span> <span class='ocrx_word' id='word_1_189' title='bbox 276 2292 420 2350; x_wconf 88' lang='lat' dir='ltr'><strong>pauperes</strong></span> <span class='ocrx_word' id='word_1_190' title='bbox 444 2277 554 2333; x_wconf 88' lang='lat' dir='ltr'><strong>amant.</strong></span> <span class='ocrx_word' id='word_1_191' title='bbox 600 2275 642 2334; x_wconf 93' lang='lat' dir='ltr'><strong>sic</strong></span> <span class='ocrx_word' id='word_1_192' title='bbox 664 2274 895 2333; x_wconf 86' lang='lat' dir='ltr'><strong>tumultuabaris</strong></span> <span class='ocrx_word' id='word_1_193' title='bbox 919 2273 1079 2348; x_wconf 87' lang='lat' dir='ltr'><strong>admissus,</strong></span> <span class='ocrx_word' id='word_1_194' title='bbox 1099 2272 1132 2331; x_wconf 87' lang='lat' dir='ltr'><strong>sic</strong></span> 
     </span>
     <span class='ocr_line' id='line_1_25' title="bbox 132 2361 1131 2439; baseline -0.005 -16"><span class='ocrx_word' id='word_1_195' title='bbox 132 2384 244 2437; x_wconf 84' lang='lat' dir='ltr'><strong>moras,</strong></span> <span class='ocrx_word' id='word_1_196' title='bbox 276 2366 318 2423; x_wconf 90' lang='lat' dir='ltr'><strong>sic</strong></span> <span class='ocrx_word' id='word_1_197' title='bbox 346 2363 548 2439; x_wconf 87' lang='lat' dir='ltr'><strong>inpedimenta</strong></span> <span class='ocrx_word' id='word_1_198' title='bbox 579 2365 656 2422; x_wconf 88' lang='lat' dir='ltr'><strong>ferre</strong></span> <span class='ocrx_word' id='word_1_199' title='bbox 683 2383 742 2422; x_wconf 92' lang='lat' dir='ltr'><strong>non</strong></span> <span class='ocrx_word' id='word_1_200' title='bbox 774 2365 901 2438; x_wconf 86' lang='lat' dir='ltr'><strong>poteras.</strong></span> <span class='ocrx_word' id='word_1_201' title='bbox 948 2361 1131 2422; x_wconf 84' lang='lat' dir='ltr'><strong>maledicebas</strong></span> 
     </span>
     <span class='ocr_line' id='line_1_26' title="bbox 132 2452 1157 2530; baseline -0.008 -19"><span class='ocrx_word' id='word_1_202' title='bbox 132 2455 256 2530; x_wconf 87' lang='lat' dir='ltr'><strong>populo,</strong></span> <span class='ocrx_word' id='word_1_203' title='bbox 284 2452 498 2511; x_wconf 82' lang='lat' dir='ltr'><strong>conviciaberis</strong></span> <span class='ocrx_word' id='word_1_204' title='bbox 521 2452 710 2511; x_wconf 87' lang='lat' dir='ltr'><strong>intrantibus.</strong></span> <span class='ocrx_word' id='word_1_205' title='bbox 757 2453 839 2510; x_wconf 86' lang='lat' dir='ltr'><strong>euius</strong></span> <span class='ocrx_word' id='word_1_206' title='bbox 862 2469 1006 2526; x_wconf 92' lang='lat' dir='ltr'><strong>umquam</strong></span> <span class='ocrx_word' id='word_1_207' title='bbox 1030 2452 1157 2511; x_wconf 78' lang='lat' dir='ltr'><strong>felicius</strong></span> 
     </span>
     <span class='ocr_line' id='line_1_27' title="bbox 133 2540 1132 2616; baseline -0.002 -16"><span class='ocrx_word' id='word_1_208' title='bbox 133 2545 315 2601; x_wconf 85' lang='lat' dir='ltr'><strong>commutata</strong></span> <span class='ocrx_word' id='word_1_209' title='bbox 338 2543 458 2600; x_wconf 84' lang='lat' dir='ltr'><strong>fortuna</strong></span> <span class='ocrx_word' id='word_1_210' title='bbox 482 2544 534 2616; x_wconf 85' lang='lat' dir='ltr'><strong>est,</strong></span> <span class='ocrx_word' id='word_1_211' title='bbox 558 2542 584 2599; x_wconf 87' lang='lat' dir='ltr'><strong>si</strong></span> <span class='ocrx_word' id='word_1_212' title='bbox 606 2543 677 2599; x_wconf 87' lang='lat' dir='ltr'><strong>tunc</strong></span> <span class='ocrx_word' id='word_1_213' title='bbox 701 2559 801 2600; x_wconf 90' lang='lat' dir='ltr'><strong>omnes</strong></span> <span class='ocrx_word' id='word_1_214' title='bbox 822 2540 936 2614; x_wconf 87' lang='lat' dir='ltr'><strong>oderas,</strong></span> <span class='ocrx_word' id='word_1_215' title='bbox 959 2559 1038 2600; x_wconf 92' lang='lat' dir='ltr'><strong>nunc</strong></span> <span class='ocrx_word' id='word_1_216' title='bbox 1056 2557 1132 2598; x_wconf 83' lang='lat' dir='ltr'><strong>unam</strong></span> 
     </span>
     <span class='ocr_line' id='line_1_28' title="bbox 132 2628 1132 2708; baseline -0.003 -19"><span class='ocrx_word' id='word_1_217' title='bbox 132 2651 246 2708; x_wconf 86' lang='lat' dir='ltr'><strong>pauper</strong></span> <span class='ocrx_word' id='word_1_218' title='bbox 269 2628 379 2690; x_wconf 77' lang='lat' dir='ltr'><strong>odisti?</strong></span> <span class='ocrx_word' id='word_1_219' title='bbox 425 2632 497 2704; x_wconf 90' lang='lat' dir='ltr'><strong>quin</strong></span> <span class='ocrx_word' id='word_1_220' title='bbox 519 2630 628 2707; x_wconf 87' lang='lat' dir='ltr'><strong>potius,</strong></span> <span class='ocrx_word' id='word_1_221' title='bbox 650 2631 774 2703; x_wconf 82' lang='lat' dir='ltr'><strong>iuvenis,</strong></span> <span class='ocrx_word' id='word_1_222' title='bbox 800 2629 934 2688; x_wconf 88' lang='lat' dir='ltr'><strong>admittis</strong></span> <span class='ocrx_word' id='word_1_223' title='bbox 958 2630 1076 2689; x_wconf 86' lang='lat' dir='ltr'><strong>consilii</strong></span> <span class='ocrx_word' id='word_1_224' title='bbox 1095 2646 1132 2686; x_wconf 82' lang='lat' dir='ltr'><strong>re·</strong></span> 
     </span>
     <span class='ocr_line' id='line_1_29' title="bbox 132 2717 1132 2797; baseline -0.004 -19"><span class='ocrx_word' id='word_1_225' title='bbox 132 2717 264 2778; x_wconf 81' lang='lat' dir='ltr'><strong>tionem?</strong></span> <span class='ocrx_word' id='word_1_226' title='bbox 310 2719 381 2795; x_wconf 90' lang='lat' dir='ltr'><strong>quid</strong></span> <span class='ocrx_word' id='word_1_227' title='bbox 404 2719 480 2797; x_wconf 82' lang='lat' dir='ltr'><strong>agis,</strong></span> <span class='ocrx_word' id='word_1_228' title='bbox 508 2717 634 2777; x_wconf 82' lang='lat' dir='ltr'><strong>infelix?</strong></span> <span class='ocrx_word' id='word_1_229' title='bbox 678 2738 731 2778; x_wconf 90' lang='lat' dir='ltr'><strong>cur</strong></span> <span class='ocrx_word' id='word_1_230' title='bbox 753 2718 899 2778; x_wconf 86' lang='lat' dir='ltr'><strong>redditam</strong></span> <span class='ocrx_word' id='word_1_231' title='bbox 922 2718 1010 2777; x_wconf 88' lang='lat' dir='ltr'><strong>medo</strong></span> <span class='ocrx_word' id='word_1_232' title='bbox 1035 2720 1132 2778; x_wconf 84' lang='lat' dir='ltr'><strong>senite-</strong></span> 
     </span>
     <span class='ocr_line' id='line_1_30' title="bbox 132 2807 1133 2887; baseline -0.004 -20"><span class='ocrx_word' id='word_1_233' title='bbox 132 2813 193 2867; x_wconf 87' lang='lat' dir='ltr'><strong>tcm</strong></span> <span class='ocrx_word' id='word_1_234' title='bbox 207 2810 304 2887; x_wconf 85' lang='lat' dir='ltr'><strong>rigore</strong></span> <span class='ocrx_word' id='word_1_235' title='bbox 323 2809 432 2867; x_wconf 89' lang='lat' dir='ltr'><strong>nimiae</strong></span> <span class='ocrx_word' id='word_1_236' title='bbox 452 2809 649 2867; x_wconf 88' lang='lat' dir='ltr'><strong>contentionis</strong></span> <span class='ocrx_word' id='word_1_237' title='bbox 668 2807 843 2884; x_wconf 59' lang='lat' dir='ltr'><strong>exasperes?</strong></span> <span class='ocrx_word' id='word_1_238' title='bbox 874 2807 1025 2884; x_wconf 85' lang='lat' dir='ltr'><strong>praedico,</strong></span> <span class='ocrx_word' id='word_1_239' title='bbox 1044 2810 1133 2876; x_wconf 81' lang='lat' dir='ltr'><strong>tester,</strong></span> 
     </span>
    </p>
   </div>
   <div class='ocr_carea' id='block_1_3' title="bbox 131 2994 1137 3407">
    <p class='ocr_par' dir='ltr' id='par_1_3' title="bbox 131 2994 1137 3407">
     <span class='ocr_line' id='line_1_31' title="bbox 205 2994 1132 3064; baseline -0.005 -15"><span class='ocrx_word' id='word_1_240' title='bbox 205 3004 329 3064; x_wconf 86' lang='lat' dir='ltr'><strong>lneque</strong></span> <span class='ocrx_word' id='word_1_241' title='bbox 348 3011 383 3049; x_wconf 92' lang='lat' dir='ltr'><strong>ne</strong></span> <span class='ocrx_word' id='word_1_242' title='bbox 400 3006 454 3061; x_wconf 71' lang='lat' dir='ltr'><strong>Van</strong></span> <span class='ocrx_word' id='word_1_243' title='bbox 515 2994 730 3050; x_wconf 76' lang='lat' dir='ltr'><strong>3adhiberia1</strong></span> <span class='ocrx_word' id='word_1_244' title='bbox 780 2995 895 3048; x_wconf 89' lang='lat' dir='ltr'><strong>odierno</strong></span> <span class='ocrx_word' id='word_1_245' title='bbox 913 3004 942 3048; x_wconf 74' lang='grc' dir='ltr'><em>Β</em></span> <span class='ocrx_word' id='word_1_246' title='bbox 1002 3002 1132 3051; x_wconf 76' lang='lat' dir='ltr'><strong>semme:</strong></span> 
     </span>
     <span class='ocr_line' id='line_1_32' title="bbox 132 3063 1133 3134; baseline -0.003 -13"><span class='ocrx_word' id='word_1_247' title='bbox 132 3084 232 3122; x_wconf 87' lang='lat' dir='ltr'><strong>sanare</strong></span> <span class='ocrx_word' id='word_1_248' title='bbox 250 3077 271 3119; x_wconf 79' lang='lat' dir='ltr'><strong><em>V</em></strong></span> <span class='ocrx_word' id='word_1_249' title='bbox 330 3069 415 3121; x_wconf 84' lang='lat' dir='ltr'><strong>8tua</strong></span> <span class='ocrx_word' id='word_1_250' title='bbox 433 3085 483 3122; x_wconf 85' lang='lat' dir='ltr'><strong>om.</strong></span> <span class='ocrx_word' id='word_1_251' title='bbox 499 3081 526 3134; x_wconf 72' lang='grc' dir='ltr'><strong>βς</strong></span> <span class='ocrx_word' id='word_1_252' title='bbox 549 3069 592 3122; x_wconf 89' lang='lat' dir='ltr'><strong>ite</strong></span> <span class='ocrx_word' id='word_1_253' title='bbox 609 3067 682 3133; x_wconf 54' lang='lat' dir='ltr'><strong>Sem</strong></span> <span class='ocrx_word' id='word_1_254' title='bbox 701 3069 761 3121; x_wconf 87' lang='lat' dir='ltr'><strong>tam</strong></span> <span class='ocrx_word' id='word_1_255' title='bbox 782 3066 857 3132; x_wconf 81' lang='lat' dir='ltr'><strong>Obr.;</strong></span> <span class='ocrx_word' id='word_1_256' title='bbox 876 3065 934 3120; x_wconf 87' lang='lat' dir='ltr'><strong>iem</strong></span> <span class='ocrx_word' id='word_1_257' title='bbox 952 3066 1009 3121; x_wconf 77' lang='lat' dir='ltr'><strong>Bu.</strong></span> <span class='ocrx_word' id='word_1_258' title='bbox 1074 3063 1133 3120; x_wconf 71' lang='lat' dir='ltr'><strong>bri·</strong></span> 
     </span>
     <span class='ocr_line' id='line_1_33' title="bbox 133 3136 1135 3209; baseline -0.003 -18"><span class='ocrx_word' id='word_1_259' title='bbox 133 3141 210 3194; x_wconf 86' lang='lat' dir='ltr'><strong>dere:</strong></span> <span class='ocrx_word' id='word_1_260' title='bbox 236 3139 313 3193; x_wconf 84' lang='lat' dir='ltr'><strong>odire</strong></span> <span class='ocrx_word' id='word_1_261' title='bbox 331 3148 352 3190; x_wconf 79' lang='lat' dir='ltr'><strong><em>V</em></strong></span> <span class='ocrx_word' id='word_1_262' title='bbox 433 3141 561 3209; x_wconf 87' lang='lat' dir='ltr'><strong>recepete</strong></span> <span class='ocrx_word' id='word_1_263' title='bbox 579 3148 613 3204; x_wconf 78' lang='lat' dir='ltr'><strong>B,</strong></span> <span class='ocrx_word' id='word_1_264' title='bbox 632 3147 733 3193; x_wconf 67' lang='lat' dir='ltr'><strong>corne</strong></span> <span class='ocrx_word' id='word_1_265' title='bbox 824 3142 856 3191; x_wconf 91' lang='grc'><strong>12</strong></span> <span class='ocrx_word' id='word_1_266' title='bbox 877 3153 940 3190; x_wconf 92' lang='lat' dir='ltr'><strong>cum</strong></span> <span class='ocrx_word' id='word_1_267' title='bbox 958 3139 1000 3193; x_wconf 83' lang='lat' dir='ltr'><strong>cel</strong></span> <span class='ocrx_word' id='word_1_268' title='bbox 1017 3142 1078 3193; x_wconf 87' lang='lat' dir='ltr'><strong>tum</strong></span> <span class='ocrx_word' id='word_1_269' title='bbox 1093 3136 1135 3191; x_wconf 66' lang='lat' dir='ltr'><strong>l!</strong></span> 
     </span>
     <span class='ocr_line' id='line_1_34' title="bbox 133 3207 1137 3280; baseline -0.009 -15"><span class='ocrx_word' id='word_1_270' title='bbox 133 3218 166 3265; x_wconf 77' lang='lat'><strong>15</strong></span> <span class='ocrx_word' id='word_1_271' title='bbox 185 3212 409 3280; x_wconf 73' lang='lat' dir='ltr'><strong>imperatoresfl</strong></span> <span class='ocrx_word' id='word_1_272' title='bbox 462 3215 495 3264; x_wconf 86' lang='grc'><strong>19</strong></span> <span class='ocrx_word' id='word_1_273' title='bbox 515 3226 574 3263; x_wconf 86' lang='lat' dir='ltr'><strong>esse</strong></span> <span class='ocrx_word' id='word_1_274' title='bbox 593 3220 613 3261; x_wconf 80' lang='lat' dir='ltr'><em>V</em></span> <span class='ocrx_word' id='word_1_275' title='bbox 654 3207 723 3278; x_wconf 90' lang='lat' dir='ltr'><strong>quid</strong></span> <span class='ocrx_word' id='word_1_276' title='bbox 741 3216 840 3274; x_wconf 72' lang='lat' dir='ltr'><strong>em.1‚</strong></span> <span class='ocrx_word' id='word_1_277' title='bbox 855 3207 963 3262; x_wconf 70' lang='lat' dir='ltr'><strong>edd.-</strong></span> <span class='ocrx_word' id='word_1_278' title='bbox 1008 3209 1137 3264; x_wconf 61' lang='lat' dir='ltr'><strong>maer</strong></span> 
     </span>
     <span class='ocr_line' id='line_1_35' title="bbox 133 3278 1094 3337; baseline -0.004 -1"><span class='ocrx_word' id='word_1_279' title='bbox 133 3289 166 3336; x_wconf 84' lang='grc'><strong>20</strong></span> <span class='ocrx_word' id='word_1_280' title='bbox 186 3282 368 3337; x_wconf 73' lang='lat' dir='ltr'><strong>convincians</strong></span> <span class='ocrx_word' id='word_1_281' title='bbox 387 3291 415 3334; x_wconf 76' lang='lat' dir='ltr'><em>B</em></span> <span class='ocrx_word' id='word_1_282' title='bbox 476 3282 537 3334; x_wconf 84' lang='lat' dir='ltr'><strong>scd:</strong></span> <span class='ocrx_word' id='word_1_283' title='bbox 558 3283 586 3334; x_wconf 87' lang='lat' dir='ltr'><strong>et</strong></span> <span class='ocrx_word' id='word_1_284' title='bbox 604 3290 655 3333; x_wconf 77' lang='lat' dir='ltr'><strong>BV</strong></span> <span class='ocrx_word' id='word_1_285' title='bbox 719 3285 751 3332; x_wconf 91' lang='grc'><strong>21</strong></span> <span class='ocrx_word' id='word_1_286' title='bbox 774 3278 853 3333; x_wconf 89' lang='lat' dir='ltr'><strong>eliud</strong></span> <span class='ocrx_word' id='word_1_287' title='bbox 871 3280 987 3334; x_wconf 62' lang='lat' dir='ltr'><strong>alaram</strong></span> <span class='ocrx_word' id='word_1_288' title='bbox 1005 3298 1055 3336; x_wconf 84' lang='lat' dir='ltr'><strong>cm.</strong></span> <span class='ocrx_word' id='word_1_289' title='bbox 1075 3289 1094 3332; x_wconf 78' lang='lat' dir='ltr'><strong>e·</strong></span> 
     </span>
     <span class='ocr_line' id='line_1_36' title="bbox 131 3350 1136 3407; baseline -0.005 -1"><span class='ocrx_word' id='word_1_290' title='bbox 131 3355 276 3407; x_wconf 88' lang='lat' dir='ltr'><strong>voluntate</strong></span> <span class='ocrx_word' id='word_1_291' title='bbox 295 3375 313 3405; x_wconf 88' lang='grc' dir='ltr'><strong><em>α</em></strong></span> <span class='ocrx_word' id='word_1_292' title='bbox 390 3358 423 3406; x_wconf 93' lang='grc'><strong>22</strong></span> <span class='ocrx_word' id='word_1_293' title='bbox 443 3351 613 3407; x_wconf 80' lang='lat' dir='ltr'><strong>facultatum</strong></span> <span class='ocrx_word' id='word_1_294' title='bbox 635 3361 704 3404; x_wconf 71' lang='lat' dir='ltr'><strong>vm</strong></span> <span class='ocrx_word' id='word_1_295' title='bbox 772 3356 806 3404; x_wconf 85' lang='grc'><strong>23</strong></span> <span class='ocrx_word' id='word_1_296' title='bbox 827 3352 859 3403; x_wconf 88' lang='lat' dir='ltr'><strong>tu</strong></span> <span class='ocrx_word' id='word_1_297' title='bbox 877 3350 1094 3406; x_wconf 75' lang='lat' dir='ltr'><strong>tumultuabene</strong></span> <span class='ocrx_word' id='word_1_298' title='bbox 1110 3355 1136 3401; x_wconf 85' lang='grc' dir='ltr'>Ι</span> 
     </span>
    </p>
   </div>
   <div class='ocr_carea' id='block_1_4' title="bbox 129 3443 1090 3600">
    <p class='ocr_par' dir='ltr' id='par_1_4' title="bbox 129 3443 1090 3600">
     <span class='ocr_line' id='line_1_37' title="bbox 132 3443 1090 3528; baseline 0 -15"><span class='ocrx_word' id='word_1_299' title='bbox 132 3466 166 3514; x_wconf 82' lang='grc'><strong>28</strong></span> <span class='ocrx_word' id='word_1_300' title='bbox 186 3443 237 3528; x_wconf 79' lang='lat' dir='ltr'><strong>qiir</strong></span> <span class='ocrx_word' id='word_1_301' title='bbox 255 3470 283 3513; x_wconf 76' lang='lat' dir='ltr'><em>B</em></span> <span class='ocrx_word' id='word_1_302' title='bbox 353 3465 387 3512; x_wconf 86' lang='grc'><strong>29</strong></span> <span class='ocrx_word' id='word_1_303' title='bbox 406 3465 469 3513; x_wconf 72' lang='lat' dir='ltr'><strong>aare</strong></span> <span class='ocrx_word' id='word_1_304' title='bbox 488 3475 636 3528; x_wconf 83' lang='lat' dir='ltr'><strong>exasperas</strong></span> <span class='ocrx_word' id='word_1_305' title='bbox 655 3458 718 3513; x_wconf 83' lang='lat' dir='ltr'><strong>add.</strong></span> <span class='ocrx_word' id='word_1_306' title='bbox 738 3456 852 3527; x_wconf 74' lang='lat' dir='ltr'><strong>perfuse</strong></span> <span class='ocrx_word' id='word_1_307' title='bbox 868 3466 901 3524; x_wconf 83' lang='grc' dir='ltr'><strong>Ρ,</strong></span> <span class='ocrx_word' id='word_1_308' title='bbox 920 3458 971 3512; x_wconf 82' lang='lat' dir='ltr'><strong>dcl.</strong></span> <span class='ocrx_word' id='word_1_309' title='bbox 986 3476 1058 3514; x_wconf 80' lang='lat' dir='ltr'><strong>maa.</strong></span> <span class='ocrx_word' id='word_1_310' title='bbox 1073 3462 1090 3513; x_wconf 85' lang='lat'><strong><em>3</em></strong></span> 
     </span>
     <span class='ocr_line' id='line_1_38' title="bbox 129 3531 331 3600; baseline -0.005 -16"><span class='ocrx_word' id='word_1_311' title='bbox 129 3531 280 3600; x_wconf 87' lang='lat' dir='ltr'><strong>praedicer</strong></span> <span class='ocrx_word' id='word_1_312' title='bbox 298 3540 331 3583; x_wconf 76' lang='grc' dir='ltr'><em>Μ</em></span> 
     </span>
    </p>
   </div>
   <div class='ocr_carea' id='block_1_5' title="bbox 0 0 1208 3840">
    <p class='ocr_par' dir='ltr' id='par_1_5' title="bbox 0 0 1208 3840">
     <span class='ocr_line' id='line_1_39' title="bbox 0 0 1208 3840; baseline 0 0"><span class='ocrx_word' id='word_1_313' title='bbox 0 0 1208 3840; x_wconf 95' lang='lat' dir='ltr'><strong> </strong></span> 
     </span>
    </p>
   </div>
  </div>
 </body>
</html>
