2406 3832
117 134 183 199 248
484 133 576 189 APES
593 132 772 190 Pavfums

118 305 183 361 erat
205 302 282 360 nihil
310 303 439 379 amplius
463 303 549 363 velle.
594 303 668 380 quid
692 299 833 380 prodest?
878 305 922 364 sic
944 321 1064 380 quoque
1085 323 1131 362 me

118 391 262 450 latentem
288 393 403 451 invenit
429 391 553 452 invidia.
597 411 653 452 nec
680 392 719 452 ab
741 392 842 466 initio,
866 392 993 468 iudices,
1015 393 1131 452 vicinus

118 479 221 540 divitis
244 481 298 555 fui,
319 499 406 558 pares
429 482 508 541 circa
530 501 578 541 rne
599 481 773 541 habitavere
795 481 916 557 domini,
940 484 972 541 ct
994 481 1131 558 frequen·

117 569 198 629 tibus
225 568 306 630 villis
333 587 454 630 concors
480 570 592 629 vicinia
622 589 732 647 parvos
763 570 875 630 limites
903 570 1006 630 coluit
1052 571 1132 648 quod

117 660 196 718 cives
218 658 372 736 pascebat,
397 677 475 717 nunc
497 658 600 719 divitis
622 659 710 719 unius
731 659 844 720 hortus
880 662 1042 736 postquam
1064 678 1131 738 pre
1155 679 1165 719 s

116 749 211 807 ximos
235 767 367 824 quosque
392 747 562 808 revellendo
589 749 732 808 terminos
759 767 831 827 ager
851 749 1011 824 locupletis
1039 748 1132 808 latins

116 836 287 896 inundavit:
314 839 460 913 aequatae
487 838 551 896 solo
574 837 665 897 villae
692 840 723 897 et
749 839 847 898 excisa
873 856 1020 915 pagorum
1047 855 1133 897 sacra

117 929 237 985 etcum
260 926 434 1004 coniugibus
461 925 622 1002 parvisque
648 925 750 986 liberis
772 928 974 1003 respectantes
997 928 1132 1002 patrium

116 1015 210 1075 larem
232 1016 438 1093 migraverunt
459 1017 574 1075 veteres
597 1016 709 1090 coloni,
735 1017 767 1074 et
788 1015 869 1075 latae
891 1014 1064 1075 solitudinis
1086 1018 1130 1074 in·

116 1103 245 1163 discreta
267 1106 367 1163 unitas
389 1105 471 1163 factu
493 1106 551 1180 est,
578 1108 738 1181 postqum
760 1104 799 1163 ad
821 1121 893 1180 apes
918 1122 1001 1164 meas
1026 1104 1131 1165 divitis
1144 1124 1167 1165 rc

115 1193 224 1252 fundus
253 1194 384 1254 accessit.
430 1211 559 1269 namque
585 1213 654 1272 ego,
679 1193 804 1268 iudices,
830 1193 903 1252 dum
924 1193 1033 1253 fortius
1056 1212 1131 1272 opus

115 1280 251 1358 permisit
273 1285 366 1356 aetas,
387 1284 498 1341 terram
520 1283 657 1342 manibus
680 1282 785 1360 subegi
806 1285 839 1341 et
855 1281 1066 1342 difficultatem
1088 1284 1131 1342 la·

115 1369 186 1428 bore
208 1370 365 1446 perdomui
392 1373 423 1429 et
443 1371 540 1430 invite
562 1372 626 1432 solo
648 1371 785 1430 nonnihil
811 1374 912 1431 tamen
934 1371 1131 1432 fecunditatis

116 1460 253 1535 expressi.
298 1462 358 1519 citc
381 1459 494 1518 labitur
516 1459 592 1535 dies,
615 1462 647 1519 et
667 1461 809 1536 proclivis
830 1461 863 1519 in
885 1479 1012 1537 pronum
1035 1462 1132 1520 fertur

115 1552 214 1607 aetus:
237 1547 337 1607 abiere
359 1549 446 1623 vires,
469 1567 572 1609 census
595 1567 688 1624 meus,
710 1550 885 1626 defectuque
907 1549 1009 1608 labore
1032 1568 1129 1610 senec·
1143 1567 1166 1611 rs

114 1639 178 1711 tus,
205 1655 315 1715 magna
337 1655 407 1713 pars
434 1639 553 1712 mortis,
574 1639 652 1697 nihil
673 1639 749 1698 mihi
772 1638 896 1715 reliquit
922 1640 982 1699 nisi
1003 1638 1130 1718 diligen·

79 1726 199 1784 stiam.
245 1726 495 1802 circumspicienti
517 1726 597 1802 qued
618 1727 791 1787 conveniret
811 1746 886 1804 opus
911 1727 1065 1788 invalidae
1087 1747 1130 1787 se·

115 1817 244 1874 nectutis
271 1833 373 1890 curae,
399 1815 589 1875 succurrebat
611 1818 697 1892 sequi
722 1835 843 1892 pecora,
870 1817 993 1892 fetuque
1017 1817 1131 1894 placidi

116 1904 214 1981 gregis
236 1906 445 1980 paupertatem
466 1905 558 1981 tueri3
581 1905 633 1965 sed
654 1925 690 1965 ex
712 1906 794 1964 omni
815 1907 902 1982 parte
922 1906 1130 1966 circumiectus

115 1992 218 2052 divitis
245 2012 317 2071 ager
339 1995 389 2052 vix
415 1996 537 2052 tenuem
559 1994 598 2052 ad
620 2013 738 2072 gressus
760 2013 841 2054 meos
869 1996 1006 2054 semitam
1028 1994 1129 2054 dabat
1143 2013 1167 2054 sc

115 2081 187 2158 quid
219 2080 357 2161 agimus?
387 2081 519 2158 inquam.
572 2083 702 2159 undique
733 2083 815 2142 vallo
847 2083 1022 2143 divitiarum
1055 2085 1131 2144 clusi

115 2189 224 2230 sumus.
269 2171 339 2230 hinc
368 2172 481 2231 hortuli
508 2172 680 2248 locupletis,
710 2172 781 2232 hinc
808 2191 893 2248 arva,
920 2173 990 2232 inde
1016 2175 1130 2247 vineta,

114 2260 184 2319 hinc
202 2261 306 2336 saltus,
328 2261 428 2320 nullus
451 2263 549 2320 terrae
571 2260 662 2320 detur
679 2263 783 2320 exitus.
821 2279 997 2337 quaeramus
1016 2263 1129 2321 animal

115 2349 194 2424 quod
213 2351 302 2409 volet
339 2370 409 2410 nam
432 2350 505 2425 quid
524 2351 628 2426 apibus
646 2351 763 2409 invenit
780 2353 889 2410 natura
906 2349 1129 2426 praestantius?

113 2457 230 2514 parcae,
249 2438 358 2514 fideles,
377 2439 551 2498 laboriosae.
588 2458 605 2497 ο
624 2439 736 2498 animal
754 2439 851 2499 simile
868 2438 1062 2516 pauperibus!
1099 2443 1164 2499 etas

187 2613 200 2660 l
225 2607 323 2662 HIER.
338 2610 445 2677 quaest
460 2607 544 2662 Hebr.
560 2606 663 2677 prust:
685 2623 730 2661 me
749 2624 860 2677 quoquc
880 2607 979 2678 procul
997 2608 1034 2662 ab
1052 2608 1128 2662 urbi·

113 2677 180 2746 bus,
199 2679 273 2745 foro,
291 2678 403 2746 litibus,
421 2678 511 2732 turbis
530 2681 667 2734 remotum
686 2679 726 2732 sic
744 2695 869 2749 queque,
887 2682 919 2733 ut
937 2677 1128 2744 Quintilianus

114 2751 164 2816 sit,
182 2749 318 2805 letantem
336 2750 444 2804 invenit
460 2749 576 2804 invidia.
612 2749 784 2805 milvius
802 2750 842 2805 St.
856 2749 962 2804 Malchi
980 2756 997 2804 t
1012 2754 1069 2821 (44)
1088 2751 1128 2805 sic

114 2838 226 2890 quoque
244 2838 289 2876 me
307 2820 442 2875 latentem
461 2821 569 2875 invenit
585 2820 700 2875 invidia.

185 2970 201 3019 2
220 2969 285 3018 cute
302 2963 411 3017 iudices
428 2979 464 3017 er.
481 2962 511 3017 di
528 2973 550 3016 r
617 2969 634 3018 t
654 2963 738 3018 unius
757 2973 798 3019 11:
821 2963 913 3018 hunus
931 2962 961 3033 (h
979 2964 1030 3018 del.
1046 2966 1075 3034 c)
1087 2974 1127 3030 ⁸3

112 3052 186 3089 unus
208 3036 309 3103 reliqui
397 3036 474 3088 ortus
491 3042 552 3087 ΒΜ
638 3040 655 3088 t
677 3050 789 3104 quoque
813 3043 845 3088 s!
929 3033 1079 3090 revelendc
1101 3045 1130 3088 B

114 3105 134 3176 (l
148 3109 263 3176 mprs)
317 3121 401 3175 egere
415 3115 453 3172 P;
472 3109 553 3175 eg‘s
607 3111 622 3158 '1
642 3108 763 3174 aequato
778 3114 811 3158 s!
864 3108 1089 3189 pagorumscri.
1109 3109 1127 3160 'z

111 3246 198 3300 pacor
214 3240 276 3296 Βῐς
294 3230 376 3300 paria
394 3239 432 3296 Ι,
450 3232 463 3282 t
476 3247 606 3300 cupam
620 3231 714 3298 putria
727 3243 773 3296 μσς
787 3245 861 3300 pago
876 3231 954 3286 Dese.
1025 3236 1058 3284 12
1077 3231 1127 3302 ξῆ-

112 3302 247 3356 cultatcm
262 3301 318 3370 (dif
327 3304 480 3372 cuprum
560 3300 883 3370 1ucirconepieienti1²
955 3303 1128 3372 QYSEGRJ

112 3374 239 3427 eueniret
257 3383 285 3427 P
351 3377 383 3427 19
402 3374 570 3442 paupertutt
588 3374 615 3440 (”
634 3373 724 3442 erl!
789 3372 1000 3428 scrinium
1016 3382 1077 3427 ΒΜ

112 3451 145 3498 21
166 3443 255 3498 cluusi
273 3453 294 3496 1·
379 3451 413 3499 22
431 3442 516 3498 ortuli
535 3453 562 3497 P
650 3448 684 3497 22
702 3443 749 3498 hic
767 3442 855 3497 saltus
872 3453 908 3509 Β,
926 3461 946 3497 u
963 3456 1073 3515 supas

104 3522 141 3569 21
160 3515 360 3587 volet-quid
380 3523 467 3572 oras
539 3519 720 3570 sicem
