2408 3840
144 185 209 239 XVI
548 182 762 237 PRAEFATIO.

434 377 454 413 a
964 353 984 430 β

144 481 173 536 p.
195 462 267 535 300,
289 462 330 519 20
355 460 542 539 appendebat
789 459 914 536 apponit

153 595 170 626 „
196 551 269 625 322,
291 552 308 608 7
333 551 485 609 erubuerit
789 549 932 608 debuerit.
987 602 990 608 .

334 727 467 787 (loutra
490 729 509 806 β
532 729 690 806 genuina
713 730 875 787 servavit
899 747 922 786 e.
942 749 969 806 g.

963 894 983 930 α

143 1000 172 1055 p.
195 981 245 1053 10,
266 981 306 1038 27
332 871 481 1038 obiectdm
787 978 895 1052 obiecit

152 1113 169 1143 „
195 1072 244 1144 11,
265 1071 306 1127 27
330 1068 426 1127 videri
784 1066 885 1126 videre

152 1203 168 1232 „
194 1159 307 1231 31,10
330 1177 476 1216 venenum
499 1175 558 1215 non
581 1157 660 1216 dices
785 1156 859 1215 bene
882 1177 991 1217 nomen
1014 1157 1125 1217 diceres

152 1291 168 1321 „
192 1248 245 1321 40,
265 1248 284 1305 3
308 1249 405 1306 mater
785 1265 859 1305 uxor

153 1381 170 1410 „
194 1336 245 1410 49,
267 1336 285 1393 3
308 1339 432 1411 reponet
784 1339 914 1411 neponet

152 1469 169 1501 „
196 1426 268 1499 116,
290 1427 331 1484 20
354 1443 445 1483 curva
467 1424 558 1482 litora
785 1428 963 1484 curvantora

153 1559 169 1589 „
195 1515 330 1587 123,10
354 1515 474 1589 quimus
785 1513 837 1589 qui
861 1516 970 1574 nimius

151 1647 167 1678 „
194 1605 267 1677 142,
288 1605 305 1660 2
330 1603 447 1661 credere
784 1603 865 1661 credi
879 1604 1055 1679 quaerereB
1069 1624 1159 1680 quae-

874 1711 938 1752 rere
962 1693 989 1748 V

150 1825 168 1855 „
194 1781 329 1855 176,14
352 1783 433 1840 iocos
783 1782 864 1840 locos

151 1915 167 1944 „
194 1870 327 1942 186,16
352 1873 466 1929 victum
784 1873 902 1928 nectum

150 2003 166 2034 „
191 1960 265 2033 325,
286 1960 326 2017 28
351 1962 508 2019 materiam
530 1959 649 2019 miraris
784 1958 909 2018 materia
933 1961 1037 2019 mirari

150 2092 167 2122 „
192 2049 267 2122 350,
287 2050 327 2106 22
347 2048 473 2107 ⁴adnisus
784 2049 939 2107 admissus.

113 2265 117 2273 ,
207 2207 288 2277 Quae
312 2228 379 2267 cum
401 2210 446 2268 111
464 2211 533 2284 sint,
556 2211 683 2284 utraque
706 2209 822 2267 familia
841 2208 990 2282 praesidia
1011 2209 1049 2269 ad
1072 2231 1156 2270 recu-

139 2297 300 2372 perandam
316 2300 475 2373 pristinam
488 2301 587 2356 textus
606 2299 735 2357 formam
748 2302 902 2373 parantur,
921 2318 1016 2374 neque
1030 2301 1157 2360 alteram

139 2404 241 2445 earum
271 2405 408 2462 spernere
435 2391 525 2462 atque
554 2387 711 2464 neglegere
739 2387 817 2446 licet.
859 2389 1025 2464 principem
1054 2393 1157 2448 tamen

138 2476 235 2534 locum
258 2478 341 2535 tenet
363 2498 391 2550 α,
414 2496 474 2536 non
497 2475 585 2535 modo
613 2476 693 2552 quod
719 2477 752 2534 in
777 2478 948 2536 universum
975 2478 1041 2554 ipsa
1065 2479 1157 2555 scrip·

137 2566 212 2623 toris
236 2566 326 2624 verba
345 2567 512 2624 accuratius
531 2567 670 2642 servavit,
694 2566 855 2625 sedetiam
877 2567 956 2642 quod
976 2567 1036 2625 loci
1059 2570 1156 2645 magis

138 2654 272 2713 minusve
302 2655 437 2714 mendosi
469 2655 641 2733 diligentius
674 2655 816 2732 descripti
845 2659 929 2730 suut,
959 2674 1027 2714 cum
1056 2660 1156 2716 textus

138 2744 271 2801 familiae
294 2744 314 2821 β
338 2744 374 2802 ab
401 2745 520 2823 homine
548 2746 668 2823 linguae
695 2746 808 2804 latinae
836 2764 895 2803 non
923 2746 1027 2822 ignaro
1056 2765 1155 2805 recen-

138 2831 213 2890 situs
236 2835 289 2906 sit,
316 2833 394 2892 unde
417 2835 530 2893 factum
558 2837 615 2908 est,
643 2839 677 2893 ut
699 2835 801 2892 multis
830 2833 950 2908 quidem
977 2835 1050 2895 locis
1078 2855 1155 2910 quae

137 2921 254 2979 librarii
267 2926 472 2998 peccaverant,
491 2923 669 2982 tollerentm·
683 2926 713 2982 et
727 2922 962 2999 emendarentur,
981 2924 1039 2982 loci
1054 2928 1155 2983 autem

138 3013 271 3087 corrupti
289 3015 370 3070 certa
393 3011 521 3087 quadam
539 3012 655 3070 ratione
674 3015 765 3087 atque
784 3012 898 3071 sollerti
916 3033 1006 3071 manu
1025 3032 1059 3071 ex
1077 3014 1155 3071 arbi-

137 3102 196 3158 trio
215 3100 445 3159 immutarentur
467 3101 515 3160 vel
533 3103 632 3176 potius
651 3103 781 3177 propriis
799 3103 928 3160 inventis
950 3101 1153 3162 obruerentur.

207 3189 327 3249 Codices
350 3195 376 3249 P
400 3194 430 3248 et
453 3195 484 3265 S,
507 3194 542 3248 ut
559 3191 621 3248 iam
639 3189 833 3265 procedamus
853 3189 891 3249 ad
914 3191 1046 3268 singulos
1065 3192 1153 3250 fami-

137 3279 246 3337 liarum
265 3278 387 3353 codices,
406 3279 494 3355 plane
514 3298 577 3338 esse
596 3280 737 3357 gemellos
756 3281 917 3355 paucisque
936 3283 1055 3339 tantum
1074 3282 1154 3340 inter

137 3385 168 3426 se
191 3369 307 3426 differre
330 3368 403 3427 locis
422 3369 563 3442 exemplis
587 3368 740 3428 ostendere
763 3387 824 3427 nou
843 3387 916 3444 opus
940 3372 993 3426 est.
1034 3374 1152 3429 utrum-

138 3477 195 3532 que
225 3476 294 3516 vero
319 3477 353 3516 ex
383 3461 532 3516 communi
562 3459 724 3534 exemplari
753 3476 903 3532 manasse,
933 3477 992 3517 non
1022 3463 1044 3518 S
1068 3479 1103 3517 ex
1126 3464 1152 3518 P

122 3560 190 3598 esse
214 3546 400 3620 descriptum
430 3567 466 3607 eo
496 3548 643 3625 probatur
673 3547 754 3626 quod
781 3566 849 3606 raro
878 3546 980 3606 eadem
1008 3549 1041 3606 in
1067 3547 1154 3607 libris
