2408 3840
426 131 661 188 DEGLAMATIO
680 133 718 186 IX
737 137 814 186 3-5.
1062 131 1123 195 171

107 306 141 362 01
168 302 290 360 vincula
320 303 417 360 macie
448 302 556 362 laxavi.
602 303 668 378 quis
699 321 759 360 non
790 302 956 379 ignosceret
988 301 1124 360 omnibus

105 393 164 468 qui
186 394 255 468 post
281 392 337 450 1100
360 392 525 466 exemplum
552 392 694 469 navigare
722 387 912 450 timuissent?
958 409 1041 468 ergo,
1064 409 1125 466 qua

106 500 170 539 una
193 498 245 556 spe
268 481 377 539 misera
398 479 573 539 trahebatur
596 481 704 554 anima,
727 479 844 539 litteras
868 479 903 537 dc
921 479 1124 555 redemptione

106 570 217 646 scripsi
239 570 328 644 patri,
350 571 445 627 testor
468 568 546 643 deos,
571 569 635 628 soli.
677 567 750 644 quid
773 569 852 626 enim
875 568 984 626 sentire
1008 567 1124 626 viderer

81 659 145 719 ade
163 660 298 735 parentis
317 657 444 732 adfectu,
467 659 494 716 si
515 658 571 716 hoc
593 658 737 716 incolumi
754 657 988 732 redemptionem
1007 656 1043 714 ab
1064 657 1123 716 alio

107 744 303 824 petivissem?
339 765 409 804 nam
431 746 511 823 quod
534 766 626 804 unum
648 747 724 804 mihi
741 745 902 805 secundum
924 747 1040 820 patrem
1063 745 1124 803 for·

106 839 184 895 tuna
214 835 371 894 videbatur
402 853 521 911 parasse
553 835 749 910 praesidium,
780 836 836 893 hoc
864 853 983 909 sperare
1009 834 1042 890 in
1069 834 1124 893 illa

106 926 187 985 forte
214 944 275 983 101
300 926 443 1000 poteram.
490 923 563 1000 quid
591 923 739 982 attinebat
762 925 857 982 amico
885 922 1012 986 scribere
1036 942 1124 997 quem

106 1013 240 1074 sciebam
262 1032 321 1073 non
352 1013 461 1072 habere
493 1012 570 1071 unde
601 1010 780 1071 redimeret?
825 1030 1015 1087 nunquamne
1046 1011 1158 1069 mihib

67 1124 93 1163 10
107 1102 231 1162 dabitur
248 1102 375 1161 liberum
392 1104 509 1177 tempus
529 1101 727 1177 conquerendi
746 1100 825 1177 apud
838 1103 955 1176 patrem
969 1100 1005 1159 de
1020 1101 1123 1160 amicis

107 1193 172 1251 suis
197 1193 249 1267 qui
271 1190 419 1266 proficisci
440 1192 590 1250 volentem
612 1192 740 1249 retinere
761 1192 956 1265 temptarunt,
980 1190 1032 1266 qui
1054 1191 1123 1264 piae

107 1281 299 1340 festinationi
325 1280 492 1338 attulerimt
517 1277 636 1339 moras?
680 1279 830 1355 profectus
854 1281 931 1338 esset
952 1281 1053 1337 tamen
1076 1278 1124 1337 vel

107 1369 214 1428 invitis
238 1369 383 1443 omnibus,
406 1370 472 1444 quis
495 1369 574 1426 enim
596 1369 652 1427 hoc
673 1387 733 1427 non
755 1369 921 1444 praestaret
943 1367 1005 1426 filio
1028 1369 1123 1443 pater,

107 1458 168 1518 nisi
198 1458 276 1533 quod
303 1457 424 1516 interim
452 1459 563 1516 amicus
586 1458 753 1516 antecessit.
798 1456 885 1515 illum
907 1475 967 1515 non
991 1457 1123 1532 pericula

68 1568 93 1608 is
107 1548 212 1620 maris,
234 1565 294 1606 non
311 1547 413 1606 infesti
436 1546 602 1605 latronibus
621 1546 711 1620 sinna,
733 1564 794 1604 101
811 1545 944 1604 vicinum
962 1565 1045 1604 meae
1063 1545 1122 1604 for-

107 1640 202 1695 tunae
220 1635 428 1695 documentum
446 1634 607 1710 prohibuit.
644 1637 742 1693 minus
761 1636 833 1693 haec
849 1637 941 1693 miror
959 1634 995 1692 de
1015 1633 1123 1709 amieo,

106 1725 186 1784 illud
209 1728 255 1783 est
277 1725 356 1800 quod
378 1726 497 1799 pensari
519 1724 610 1784 nullis
633 1723 782 1783 beneficiis
804 1725 911 1799 possit:
937 1723 1122 1798 proficiscen-

106 1818 171 1873 tem
194 1833 254 1872 non
275 1813 401 1872 retinuit
425 1816 519 1889 pater,
546 1814 651 1886 immo,
680 1814 705 1872 si
729 1812 801 1888 quid
827 1814 859 1870 in
888 1813 1019 1871 subsidia
1041 1812 1122 1871 vitae

107 1904 282 1979 seposuerat
308 1921 399 1978 parca
421 1903 594 1981 frugalitas,
617 1902 649 1960 id
671 1921 757 1960 omne
780 1903 812 1959 in
834 1903 982 1977 impensas
1005 1903 1122 1960 itineris

67 2013 93 2052 ao
108 1993 260 2051 contraxit
287 1993 317 2049 et
344 1991 478 2050 contulit.
524 1990 727 2050 infelicissime
754 2007 855 2063 senex,
883 1993 924 2048 sic
948 2010 1032 2068 egere
1058 2008 1121 2049 coe·

107 2082 190 2158 pisti.
233 2081 330 2139 dicam
352 2099 430 2139 nunc
453 2098 516 2158 ego,
539 2099 592 2155 per
615 2098 688 2154 quos
710 2081 826 2138 iuvenis
849 2081 1122 2154 praestantissimus

107 2170 298 2248 navigaverit
316 2169 431 2243 fluctus,
446 2188 519 2245 quos
539 2170 695 2228 accesserit
708 2169 853 2244 scopulos
872 2170 999 2243 quantos
1013 2169 1122 2226 lustra-

107 2261 187 2318 verit
212 2255 313 2317 sinus?
358 2257 495 2318 faciliora
521 2259 581 2317 ista
607 2259 716 2333 putant
740 2258 792 2332 qui
819 2276 972 2332 nunquam
998 2257 1121 2334 naviga·

106 2350 223 2407 verunt.
269 2348 301 2405 in
327 2349 427 2405 omnia
454 2364 595 2422 praeceps
623 2348 685 2405 sine
712 2348 849 2421 respectu
877 2345 923 2404 sui
946 2364 1034 2421 quem
1061 2346 1122 2403 iam

67 2457 92 2498 aa
106 2441 175 2495 tum
197 2436 361 2512 apparebat
378 2436 460 2494 vitae
482 2455 542 2494 101
564 2454 694 2511 parcere,
718 2435 802 2509 adiit,
825 2435 1000 2509 exploravit,
1024 2437 1054 2492 et
1076 2436 1122 2492 ta·

107 2546 177 2585 men
199 2526 251 2584 ille
271 2543 388 2601 quoque
406 2526 459 2600 qui
481 2526 566 2583 tanto
586 2542 673 2600 opere
696 2514 866 2597 festinabat,
890 2541 954 2581 sero
976 2524 1121 2598 pervenit.

174 2613 295 2689 Audite,
319 2614 428 2689 audite,
450 2613 571 2687 iudiceS,
594 2631 702 2672 novam
725 2613 837 2687 captivi
860 2612 1019 2686 querelam.
1060 2613 1122 2670 iam

107 2704 198 2763 miser
231 2702 310 2777 apud
341 2704 454 2779 piratas
486 2722 546 2761 non
578 2721 666 2761 eram.
713 2700 812 2760 alebat
844 2701 984 2760 devotum
1016 2719 1121 2776 corpus

107 2794 230 2871 gravior
250 2793 332 2850 omni
354 2792 433 2850 fame
452 2792 565 2869 sagina,
588 2793 618 2850 et
640 2792 719 2849 inter
738 2789 838 2848 debita
856 2809 950 2849 noxae
972 2791 1123 2866 mancipia

180 3039 196 3086 2
217 3049 296 3103 ergo:
316 3031 360 3086 vel
378 3049 431 3102 ego
449 3053 481 3084 m
566 3036 583 3083 4
602 3029 673 3101 soli}
690 3039 720 3083 Β
736 3033 758 3099 (s
778 3033 824 3100 er.)
911 3035 926 3082 ὅ
946 3028 1079 3084 incolomi
1096 3038 1125 3082 Β

108 3112 123 3159 6
142 3104 287 3158 fortunam
304 3113 334 3157 Β
395 3108 428 3156 10
448 3101 630 3170 conquirendi
649 3111 686 3168 M,
705 3119 773 3156 corr.
788 3123 820 3154 m
884 3106 916 3154 13
935 3100 988 3154 hoc
1006 3115 1063 3152 non
1080 3109 1121 3153 B:

106 3193 164 3230 non
177 3176 233 3229 hoc
250 3175 351 3243 reliqui
368 3177 435 3243 (non
448 3176 480 3228 iu
492 3191 547 3228 ras.
563 3179 661 3242 etpost
673 3173 727 3226 hoc
740 3190 795 3228 ras.
811 3174 850 3241 M)
905 3174 986 3240 pater
1000 3171 1058 3225 filio
1078 3179 1126 3235 eu!

109 3250 290 3369 malliacensis
312 3309 334 3352 V
393 3304 426 3352 15
445 3297 548 3351 infesto
567 3310 582 3362 0
644 3302 676 3350 18
696 3296 823 3350 subsidia
841 3313 874 3350 000
892 3294 1025 3349 subdidia
1043 3303 1071 3347 Β

109 3377 141 3425 19
160 3386 248 3441 parca
266 3380 370 3437 00111,
387 3387 509 3439 nuptm
572 3369 601 3421 in
621 3377 745 3423 comm
760 3368 890 3436 (uddm)
950 3365 1122 3419 0011111011-

108 3443 221 3498 cissime
240 3451 268 3495 P
328 3447 362 3495 26
380 3443 561 3510 tantoperec
625 3444 657 3492 27
678 3439 859 3508 quaerlelam
872 3447 901 3491 Β
957 3442 991 3490 28
1011 3436 1123 3491 alebam
1182 3500 1184 3504 μ

108 3524 147 3582 Β;
167 3513 330 3578 alebantur
398 3518 432 3566 29
452 3511 561 3566 debita:
581 3510 661 3564 debit
680 3526 715 3564 ex
733 3520 776 3579 M,
795 3509 896 3566 dedita
915 3509 1010 3565 Lucos

744 3638 752 3677 l
