2408 3840
83 126 149 189 408
392 124 584 179 aliculam
602 123 781 178 PARISINA.

83 292 275 354 saevissime?
315 293 448 353 omnium
470 294 697 370 parricidiorum
714 293 885 351 maximum.
927 293 1016 350 illum
1034 292 1094 352 abs-

82 383 180 442 tulisti
207 383 259 457 qui
281 384 358 441 mori
380 401 440 441 non
462 384 588 459 poterat.
630 382 704 440 mihi
726 382 811 440 nulla
838 399 904 458 spos
932 382 991 440 uisi
1019 381 1096 458 apud

82 491 203 549 magum
232 472 336 530 relicta
370 473 423 531 est.
469 473 549 531 solus
578 473 710 530 animam
741 489 866 530 evocare
899 472 1013 547 poterit
1046 473 1096 545 qui

81 561 233 619 includere
247 562 355 638 potuit.
392 561 512 634 Moyses.
545 560 690 619 laboriose
704 561 838 619 inclusus
852 563 906 619 est.
943 560 988 618 M.
998 561 1096 618 venire

83 651 249 724 nitebatur,
279 653 364 708 tanto
394 649 513 708 facilius
543 648 723 708 evocabitur.
768 648 895 708 dimitte.
944 651 1127 709 sevocatusa

84 743 137 798 est.
179 738 366 798 exsecrabilis
390 739 456 813 eris,
479 739 664 798 silibentius
686 736 725 796 ad
745 736 902 816 ligandum
925 739 1095 796 muneraris.

291 969 342 1026 XI.
366 969 464 1028 Drvns
487 986 664 1028 Accvsurvs
687 985 891 1028 rnonrmoma

83 1094 222 1152 Proditor
241 1094 393 1152 moriatur.
431 1095 628 1153 calumniator
646 1112 706 1152 non
723 1095 830 1168 minus,
850 1093 910 1152 nisi
929 1095 1094 1154 convicerit.

128 1202 242 1258 pauper
270 1185 299 1240 et
322 1181 405 1241 divos
432 1183 553 1242 inimici.
595 1184 714 1258 utrique
743 1183 822 1242 terni
849 1183 946 1241 liberi.
988 1183 1097 1242 bellum

127 1272 233 1329 incidit
261 1272 386 1331 civitati.
427 1271 510 1332 dives
540 1273 598 1331 dux
628 1272 725 1331 factus
758 1275 815 1346 est,
844 1274 876 1330 in
904 1275 1006 1331 castra
1033 1291 1127 1348 prore

128 1362 221 1420 fectus
245 1363 297 1420 est.
339 1380 440 1419 rumor
458 1365 540 1420 ortus
559 1364 612 1436 est,
636 1361 673 1420 ab
695 1379 729 1421 eo
751 1361 839 1437 prodi
856 1378 920 1420 ram
938 1361 1096 1438 publicam.

128 1451 271 1524 processit
292 1469 406 1525 pauper
428 1452 460 1508 in
487 1452 663 1510 contionem.
705 1451 857 1509 accusavit
882 1449 1013 1510 divitem
1034 1469 1098 1525 pro

128 1539 258 1596 ditionis.
300 1539 422 1598 absente
440 1558 474 1598 eo
489 1540 632 1616 apopulo
645 1537 733 1598 liberi
750 1538 878 1615 lapidati
896 1542 976 1598 sunt.
1019 1539 1098 1598 divas

128 1646 146 1683 a
167 1626 246 1684 bello
276 1628 372 1685 victor
401 1647 535 1687 reversus
569 1628 646 1686 filios
675 1628 815 1705 pauperis
849 1628 887 1686 ad
918 1629 1099 1704 supplicium

127 1716 212 1790 petit.
254 1715 340 1774 offert
362 1734 393 1775 se
416 1736 537 1793 pauper.
579 1717 661 1776 dives
683 1716 867 1776 contradicit.
1111 1737 1130 1776 n

150 1875 247 1934 Dicas.
289 1896 442 1951 nunquam
464 1877 496 1935 id
515 1880 762 1954 exspectaveram,
784 1876 906 1951 iudices,
930 1879 966 1935 ut
985 1878 1025 1936 de
1046 1877 1097 1936 ini·

84 1966 155 2023 mici
178 1958 324 2040 supplicio
348 1969 553 2040 quaereretur,
580 1985 634 2025 nec
656 1985 742 2042 posse
772 1965 806 2024 de
828 1966 945 2024 ultione
968 1966 1100 2026 dubitari

85 2073 175 2128 quam
198 2053 273 2111 milri
299 2056 363 2112 tam
392 2054 480 2113 liberi
506 2055 617 2114 doloris
647 2055 753 2114 civitas
783 2054 877 2113 debet.
919 2056 1099 2131 proditionis

84 2164 130 2200 me
161 2144 299 2201 inimicus
327 2143 451 2202 notavit.
493 2145 619 2218 Pauper.
660 2163 762 2203 rumor
788 2145 855 2201 fuit.
896 2144 938 2201 D.
958 2147 1049 2220 atqui
1069 2147 1101 2203 tu

83 2234 211 2290 rumoris
241 2235 339 2308 caput.
382 2234 415 2290 P.
439 2233 513 2290 mihi
542 2235 606 2291 tam
636 2233 723 2292 facile
752 2251 813 2291 non
841 2232 1023 2292 crederetur.
1064 2235 1129 2293 Da

84 2321 159 2378 nihil
183 2324 228 2379 est
249 2324 313 2379 tam
336 2341 429 2397 capax
453 2321 658 2380 calamitatum
687 2341 776 2397 quam
798 2322 918 2380 bellum.
962 2323 997 2380 P.
1019 2343 1100 2382 uum·

85 2410 156 2483 quid
179 2429 238 2467 non
267 2410 342 2467 mihi
371 2411 449 2469 inter
471 2411 546 2469 alios
574 2411 670 2486 loqui,
699 2411 768 2469 flere
795 2408 902 2470 licuit?
945 2412 1102 2489 numquid,

85 2500 155 2572 quia
173 2498 261 2557 rebus
276 2516 371 2572 careo,
388 2500 486 2559 verbis
501 2519 599 2558 carere
614 2497 725 2558 debeo?
765 2499 804 2556 D.
819 2518 971 2559 rumorem
985 2502 1102 2574 creasti,

84 2587 223 2644 adultum
245 2587 277 2644 in
300 2589 470 2647 concionem
493 2589 640 2664 detulisti,
671 2588 868 2647 calumniatus
892 2607 933 2648 os.
976 2591 1013 2648 P.
1034 2594 1100 2652 esto.

84 2676 181 2733 adhuc
205 2694 317 2734 accuso
360 2677 528 2738 intenderas
553 2677 633 2752 quid,
656 2677 707 2736 sed
729 2678 890 2736 liberorum
915 2682 1016 2738 morte
1039 2698 1131 2756 per-a

83 2765 204 2823 territus
234 2768 319 2824 tuam
349 2768 460 2826 vitasti.
502 2768 541 2825 D.
560 2769 587 2827 si
609 2766 640 2825 id
666 2766 874 2841 intendissem,
901 2766 1016 2828 liberos
1045 2788 1101 2828 non

82 2853 277 2927 reliquissem.
320 2856 352 2912 P.
372 2856 515 2914 talionem
534 2856 645 2915 subibo.
688 2858 814 2914 mortem
833 2875 893 2914 non
909 2856 1027 2918 vitabo.
1065 2858 1101 2916 D.

157 3030 169 3074 1
191 3023 394 3091 parricidarum
416 3033 461 3076 VB
532 3025 636 3078 beatis
656 3027 786 3079 evocatus
807 3034 834 3078 κ

157 3153 170 3198 7
190 3146 362 3201 Proditionis
381 3147 503 3229 suspicio
522 3111 560 3203 lan
574 3149 619 3203 lex
633 3158 660 3201 Ρ
730 3154 746 3202 8
765 3149 938 3218 proditor-
948 3150 1102 3204 convicerit

84 3236 133 3271 om.
158 3228 204 3270 VB
281 3220 518 3273 9tern1tautum
540 3229 586 3273 VB
659 3221 755 3274 locst
772 3238 823 3276 orn.
838 3229 917 3274 m
989 3226 1024 3275 18
1039 3227 1102 3289 post

84 3289 168 3342 debet
191 3289 255 3343 add.
276 3299 316 3343 ιιι
335 3290 453 3358 Pauper.
485 3291 533 3344 sed
556 3307 609 3345 nec
630 3307 682 3361 ego
699 3310 727 3361 p.
744 3309 766 3346 c.
786 3308 804 3345 a
829 3293 929 3345 senatu
952 3293 1013 3346 tam
1038 3309 1100 3345 oon·

84 3359 236 3414 sultissimo
256 3363 395 3429 exspecto,
413 3363 446 3414 ut
464 3362 540 3430 quod
558 3379 576 3416 a
594 3364 655 3418 tota
672 3363 787 3418 civitate
800 3365 996 3432 perpetratum
1014 3366 1059 3418 cst
1071 3363 1098 3416 in

84 3430 225 3500 singulare
239 3434 269 3484 ct
281 3432 494 3486 imbecillimum
509 3436 595 3502 caput
603 3437 806 3503 retorqueatur.
839 3434 917 3488 dives
972 3439 1006 3488 22
1020 3433 1097 3488 flora:

84 3500 164 3555 silere
184 3513 212 3557 11
289 3509 322 3557 23
343 3503 424 3573 quid:
444 3504 558 3573 quidem
580 3513 626 3557 VB
697 3511 730 3560 25
748 3505 914 3574 perterritus
932 3521 964 3560 cs
986 3515 1032 3561 71
