2408 3840
362 141 597 199 DECLAMA'PIO
615 142 655 198 IV
668 149 702 198 23
720 143 746 198 V
761 148 837 198 1-2.
1066 143 1108 208 89

163 311 315 388 Quamvis
337 311 457 387 indices,
479 314 511 370 in
532 314 619 371 tanta
641 313 788 370 malorum
806 311 1027 371 continuatione
1042 297 1110 371 'iam
1128 318 1145 374 1

95 405 234 479 poteram
265 401 341 460 nihil
373 420 407 460 ex
439 401 636 461 accidentium
666 419 799 459 meorum
833 401 967 461 novitate
997 401 1111 475 mirari,

98 491 275 567 nullumque
305 491 380 549 mibi
411 489 589 566 reliquerint
623 490 829 566 impatientiae
862 508 954 567 genus
988 490 1111 550 adversa

101 598 176 656 quae
204 581 241 639 de
268 580 385 639 solaciis
407 579 604 655 remediisque
634 581 801 652 creverunt,
832 579 973 638 confiteor
1001 582 1110 654 tamen,
1172 583 1174 589 ’

70 670 152 731 eboc
181 669 353 751 solumyme
378 670 545 746 prospicere
572 667 655 726 nullo
678 670 774 742 metu,
800 668 884 726 nulla
908 669 1043 726 tristium
1065 686 1110 727 re-

97 758 272 817 cordatione
290 758 430 833 potuisse,
448 760 484 815 ut
500 758 569 831 post
585 759 709 832 piratae,
729 755 896 831 orbitatem,
914 757 1024 815 famem
1041 757 1110 816 hinc

96 864 225 923 quoque·
236 847 456 906 calamitatibus
473 848 581 905 nostris
598 844 715 922 pondus
734 845 893 920 accederet,
917 845 996 920 quod
1013 864 1110 905 rever-

96 955 147 996 sus
173 938 218 995 est
240 935 318 994 filius
340 953 431 994 meus.
451 935 605 995 ·vivebam
627 936 725 1009 miser,
747 936 783 992 ut
804 935 883 993 hunc
902 924 1042 1009 riderem,
1065 952 1111 993 so·

95 1026 188 1101 laque
216 1025 383 1101 superstitis
411 1025 615 1101 expectatione
645 1041 803 1100 suspensus
826 1023 1028 1083 avidissimam
1050 1041 1112 1082 mo·

56 1135 84 1175 ro
97 1113 197 1172 riendi
214 1113 407 1188 cupiditatem
425 1115 610 1172 contentiosa
627 1111 818 1172 mendicitate
836 1112 985 1171 fallebam.
1021 1111 1114 1188 pudet

97 1204 306 1279 persuasionis.
351 1202 462 1261 redisse
485 1221 516 1261 se
538 1203 653 1269 iuvenis
677 1201 828 1277 adfirmat,
855 1204 890 1260 ut
912 1192 1114 1260 vindicaretur

97 1294 195 1351 morte
222 1292 338 1366 fratris,
365 1294 400 1350 ut
425 1292 521 1368 patris
548 1290 677 1350 orbitate
704 1289 859 1368 gauderet,
886 1309 940 1350 nec
964 1289 1114 1367 intellegit

99 1382 245 1439 maiorem
267 1398 298 1439 se
320 1381 408 1439 factis
427 1381 500 1438 meis
519 1381 729 1439 auctoritatem
747 1379 803 1439 hac
821 1379 1026 1457 indignatione
1045 1398 1113 1438 con·

99 1470 186 1528 ferre.
233 1487 311 1528 nunc
332 1469 428 1546 magis
452 1470 547 1528 sentio
570 1471 715 1544 quantum
737 1468 853 1528 facinus
876 1468 969 1528 fuerit
991 1487 1114 1545 aegrum

60 1578 85 1618 rs
98 1576 160 1617 non
190 1557 342 1622 redimere.
389 1559 523 1633 queritur
549 1576 580 1616 se
609 1557 747 1616 relictum
775 1558 826 1633 qui
853 1559 954 1633 potnit
981 1555 1112 1616 evadere.

99 1648 252 1722 utcunque
273 1647 375 1724 igitur,
402 1646 526 1721 iudices,
551 1649 687 1723 poteram
708 1645 921 1723 redemptionis
943 1646 1025 1706 illius
1048 1645 1113 1706 red·

99 1735 170 1795 dere
189 1735 226 1794 de
248 1735 397 1810 praesenti
419 1736 535 1795 iuvenis
553 1735 709 1811 impietate
726 1735 883 1809 rationem,
907 1737 938 1794 et
957 1735 1032 1793 mihi
1050 1753 1114 1793 cru-

99 1824 209 1884 delitas
227 1826 287 1883 ista
304 1824 485 1901 praestabat,
506 1826 541 1883 ut
558 1823 655 1882 filium
672 1823 788 1884 viderer
807 1824 930 1901 elegisse
948 1825 1114 1898 meliorem3

99 1932 161 1973 non
180 1916 250 1972 utor
271 1915 372 1972 tamen
390 1913 551 1972 occasionis
574 1913 662 1971 huius
680 1911 803 1987 invidia,
827 1931 880 1972 nec
899 1913 1042 1989 quicquid
1059 1913 1113 1983 mi-

61 2022 87 2062 ro
101 2022 185 2062 serae
216 2002 338 2077 pietatis
369 2001 558 2078 impatientia
589 2002 660 2075 feci,
693 2001 812 2076 querela
841 2002 921 2060 malo
951 2001 1114 2061 defendere.

102 2110 157 2170 ego
186 2108 257 2149 vero
283 2093 355 2150 tunc
382 2110 441 2149 non
468 2109 564 2150 mores
592 2090 753 2150 liberorum
779 2094 951 2166 mentesque
977 2091 1115 2164 tractavi,

101 2199 155 2239 nec
182 2179 257 2237 mibi
283 2180 315 2236 in
343 2179 397 2238 illa
424 2180 596 2239 tristissima
621 2179 792 2238 condicione
819 2180 966 2238 succmrit
987 2179 1023 2237 de
1048 2197 1115 2237 oon·

101 2270 259 2345 paratione
287 2268 450 2327 consilium.
496 2267 560 2327 sola
587 2267 660 2343 quid
686 2269 827 2342 facerem,
854 2268 1026 2341 necessitas,
1053 2267 1115 2326 sola

102 2358 245 2416 iuvenum
274 2375 406 2416 meorum
436 2356 561 2416 adversa
593 2358 757 2415 suaserunt.
804 2376 838 2414 ex
867 2355 981 2416 duobus
1012 2355 1115 2415 liberis

66 2464 89 2504 re
103 2448 242 2505 neutrum
264 2446 360 2524 magis
383 2448 466 2504 amat
488 2445 541 2521 qui
562 2445 685 2504 redimit
707 2464 835 2522 aegrum.

169 2533 250 2593 Illud
276 2535 378 2610 plane,
405 2534 533 2612 iudiceS,
559 2535 640 2593 ultra
668 2552 784 2592 omnem
808 2534 955 2592 malorum
981 2532 1150 2592 meorum2

102 2625 200 2684 fateor
223 2641 285 2682 esse
307 2625 463 2682 tristitiam
482 2623 561 2698 qnod
583 2623 640 2682 hac
663 2624 823 2699 asperitate
845 2621 971 2697 iuvenis,
992 2623 1049 2681 hoc
1070 2622 1116 2680 in·

103 2715 190 2791 opiae
214 2711 418 2788 squalorisque
442 2711 582 2788 despectu
604 2712 716 2770 famam
735 2711 841 2788 optimi
862 2711 964 2770 fratris
987 2710 1115 2771 incessit.

103 2881 218 2936 Thema.
247 2879 293 2935 Sic
308 2880 431 2949 aliquem
449 2881 530 2935 sodes
549 2880 597 2934 dic
611 2879 784 2945 Quintiliane
799 2879 919 2935 colorem
937 2881 1024 2936 micio
1038 2880 1116 2950 picto

102 2959 212 3024 practer
230 2950 276 3006 dic
294 2953 366 3021 qaod
384 2952 448 3006 add.
468 2969 541 3006 maa.
561 2953 620 3006 alia
639 2961 666 3004 P

176 3028 190 3077 1
212 3023 339 3093 quamvis
349 3055 383 3063 -
393 3023 451 3076 iam
469 3024 567 3078 litteris
584 3023 742 3078 suauitas
759 3024 868 3092 scripsit
885 3032 914 3076 Β
983 3022 1081 3090 quavis
1099 3030 1120 3073 V

104 3097 192 3167 aar}
211 3097 237 3163 (1
253 3095 303 3149 liet.
319 3096 366 3164 er.)
383 3103 412 3147 B
464 3101 672 3162 lquecm.r!1,
690 3094 946 3165 iamarp.add.m
1000 3093 1116 3164 otiis}-

103 3168 175 3220 tium
193 3175 222 3219 Β
294 3165 434 3235 sspiratae
453 3182 504 3220 om.
523 3174 544 3217 V
608 3164 737 3218 orbitatis
757 3175 784 3218 P
846 3165 953 3229 boica
1024 3163 1116 3218 tavi·

105 3238 242 3292 diesimw
259 3246 288 3290 Β
360 3241 392 3290 10
412 3235 599 3291 contentiosa:
618 3237 646 3289 io
665 3238 697 3290 ia
714 3253 769 3290 rae.
783 3245 812 3289 Β
876 3234 1068 3289 mendititate:
1087 3233 1144 3289 te'

105 3310 136 3363 ia
152 3325 208 3365 rae.
227 3316 266 3374 ις
292 3307 481 3362 mendacitate
501 3319 521 3360 c
610 3312 641 3361 11
665 3307 803 3361 redidisse
819 3317 848 3361 Β
936 3320 966 3360 se
984 3321 1034 3360 cm.
1051 3315 1115 3374 ΒΜ,

106 3397 178 3450 supr.
194 3387 222 3448 b,
241 3379 306 3434 add.
325 3381 357 3434 ia
375 3397 459 3449 marg.
475 3400 520 3446 ως
539 3394 584 3432 me
603 3390 623 3431 o
694 3384 725 3432 12
745 3378 905 3450 intellegit}
921 3387 950 3431 Β
1022 3383 1054 3432 13
1073 3392 1115 3431 se:

107 3451 154 3504 sed
171 3462 196 3506 J
269 3457 301 3505 14
320 3449 424 3521 fuerit}
440 3460 469 3504 Β
541 3455 573 3504 15
592 3449 686 3519 potuit
704 3466 754 3505 cm.
770 3460 803 3520 P,
820 3466 930 3520 sagma
1003 3454 1039 3504 111
1053 3449 1123 3519 ut&

109 3537 216 3592 cunque
236 3525 318 3592 (3-4
336 3523 387 3576 liet.
402 3525 449 3591 ea)
466 3530 501 3574 M
569 3525 602 3577 19
622 3521 707 3579 uthor
725 3532 778 3579 Bv
849 3529 885 3581 ‘lb
905 3521 1074 3596 querellam
1092 3525 1141 3572 nv
