2408 3840
362 155 597 212 Decumum
615 155 666 209 XII
681 161 793 211 23-26.
1018 155 1081 220 241

69 325 159 402 paria
181 322 327 384 boimus?
367 325 463 385 adhue
485 325 561 384 nihil
583 324 749 400 habuimus,
773 324 824 385 sed
846 343 924 384 nuno
946 325 1017 384 lieet
1038 345 1084 384 re-

69 431 226 491 ponamus
263 413 330 490 quis
349 415 450 474 autem
471 433 614 491 umquam
636 414 774 491 pensabit
797 413 962 500 necessaria
984 432 1084 491 super·

69 499 197 563 saeuis?
242 501 366 579 duplum
394 505 537 579 attulisti,
564 503 616 562 sed
642 503 703 564 illis
731 506 783 580 qui
809 504 975 579 perierunt,
1000 503 1084 562 nihil.

70 591 124 652 sed
149 609 212 651 non
233 610 389 668 possumus
412 595 474 652 iam
497 611 558 652 nou
579 593 683 652 fecisse
710 592 789 668 quod
811 592 948 667 fecimus,
971 595 1001 651 et
1022 593 1085 668 ple-

46 698 198 756 srumque
221 699 287 740 sera
308 701 362 757 pro
384 681 475 742 nullis
498 684 580 756 suut,
604 683 634 740 et
656 684 824 758 temporum
845 683 905 741 ista
927 683 1085 741 momentis

71 772 128 830 aut
148 771 282 846 pretiosa
303 770 379 829 fiunt
402 773 455 829 aut
479 770 560 830 vilia.
596 771 642 829 vis
666 773 739 829 seire
764 773 909 845 quantum
931 772 1009 829 inter
1030 771 1088 830 hoo*

70 861 193 936 tempus
216 860 247 918 et
269 858 344 918 illud
365 856 504 919 intersit?
548 860 664 935 tempta
687 859 780 937 igitur
802 860 901 919 forum
923 862 1018 933 tuum,
1040 862 1087 918 to·

69 950 140 1007 tum
162 947 220 1006 hoe
241 966 301 1007 non
324 950 409 1024 potes
433 947 557 1007 dimidio
580 948 713 1008 vendere.

141 1035 283 1112 Superest
305 1036 402 1096 adhue
423 1056 516 1096 uuum
538 1037 747 1113 patrocinium,
770 1037 802 1095 in
825 1057 884 1114 quo
907 1055 972 1114 spes
991 1037 1086 1096 omnis

35 1124 253 1203 reproffigetae
282 1143 387 1185 oausae
415 1126 566 1186 musistat.
613 1121 664 1184 ‘ad
691 1125 770 1185 diem
797 1122 885 1185 veui’
932 1129 1010 1187 state
1039 1127 1087 1186 hio

72 1216 163 1289 serta,
186 1212 312 1288 iudices3
334 1233 406 1274 uam
427 1215 500 1274 ferri
521 1234 583 1274 nou
604 1217 712 1292 potest,
736 1215 866 1274 exundet
884 1216 974 1275 altius
995 1215 1087 1275 dolor.

71 1302 219 1380 pudorem
240 1303 392 1380 publicum
416 1306 552 1380 quamvis
573 1304 739 1379 proieotum
762 1306 792 1363 ot
814 1304 875 1363 iam
899 1305 971 1364 olim
991 1304 1088 1381 sepul·

72 1397 140 1451 tum
170 1391 322 1468 hueusque
357 1389 529 1469 protrahis?
575 1411 627 1452 eur
657 1412 718 1452 non
752 1392 993 1470 expectavimus?
1037 1411 1089 1452 our

73 1481 187 1540 tamem
212 1499 273 1540 nou
299 1481 338 1540 ad
367 1483 562 1541 constitutum
589 1480 779 1541 distulimus?
824 1501 877 1542 our
903 1483 942 1541 ad
970 1485 1089 1542 tantum

39 1570 159 1630 1111111
192 1567 386 1630 accessimus?
431 1573 463 1629 in
489 1572 546 1630 hae
576 1572 662 1630 lenos
688 1571 809 1647 publiea
835 1589 937 1647 eausa,
967 1571 1089 1646 iudioes,

10 1692 14 1703 ι
73 1658 199 1736 pendet:
226 1661 280 1718 aut
305 1659 363 1719 iste
384 1659 469 1719 tarde
495 1659 568 1720 feeit
599 1663 652 1720 aut
678 1678 732 1720 nos
760 1661 827 1720 oito.
872 1660 928 1720 hoo
951 1660 1090 1720 videlieet

10 1784 17 1817 :-
75 1748 241 1824 expeotmti
264 1749 306 1823 et,
328 1768 366 1808 ne
389 1748 555 1826 eaptiosum
578 1751 654 1808 esset
677 1749 773 1808 offieio
797 1752 849 1809 tuo
872 1750 1021 1808 maturius
1045 1769 1089 1808 re·

75 1836 163 1912 disse,
182 1856 217 1896 ex
234 1836 381 1897 industria
400 1841 516 1915 tempus
534 1839 654 1897 trivisti.
692 1858 752 1898 non
770 1840 932 1914 tempestas
950 1837 983 1897 iu
1001 1856 1090 1897 eausa

75 1926 149 2000 fuit,
177 1945 237 1986 non
259 1928 304 1986 vis
327 1927 390 1986 ulla
412 1927 528 1986 vicinae
551 1927 690 1987 civitatis.
734 1945 796 1985 uua
817 1925 935 1986 ratione
957 1930 1090 1986 moratus

38 2024 116 2090 loos,
139 2015 272 2074 nondum
294 2019 360 2075 erat
381 2016 506 2092 tempus.
553 2016 664 2076 adeone
686 2016 772 2076 nobis
794 2018 931 2076 miseriae
953 2015 1090 2093 publioae

75 2101 269 2163 exoiderunt?
306 2105 378 2164 adeo
397 2106 548 2182 insperato
569 2105 718 2164 frumento
737 2104 943 2182 obstipuimus,
966 2106 1000 2163 ut
1018 2105 1091 2163 haee

76 2191 226 2254 audienda
252 2191 334 2253 sint?
378 2194 520 2253 ultimum
542 2196 636 2253 omnis
664 2195 823 2254 memoriae
845 2213 929 2253 reum
951 2212 1012 2251 una
1034 2212 1091 2253 vox

74 2283 266 2342 innocentem
287 2280 382 2342 facit?
403 2283 611 2360 populatorem
635 2301 857 2357 eversoremque
880 2283 1011 2342 civitatis
1033 2282 1091 2342 nisi

76 2371 116 2431 od
145 2389 318 2447 supremum
344 2370 504 2445 damnabo,
532 2371 712 2431 absolvatur.
756 2371 893 2448 publicus
915 2390 982 2431 reus
1005 2370 1091 2430 redit.

10 2464 65 2547 ΓΙ
147 2453 271 2534 ‘Illum',
292 2459 454 2536 respoudit,
475 2456 565 2519 ‘diem
583 2455 739 2520 dedimus’
771 2464 806 2520 tu
823 2462 933 2534 tamen,
957 2462 983 2519 si
1000 2461 1092 2519 inter·
1105 2459 1145 2516 21

10 2570 16 2631 ².
77 2548 210 2626 pellatus
236 2548 464 2626 tempestatibus
487 2551 581 2610 serius
604 2551 746 2625 venisses,
775 2567 929 2609 excusares
957 2569 1039 2608 mare
1062 2551 1092 2607 et

10 2636 18 2739 ἑ
79 2636 234 2716 ambiguos
261 2637 351 2699 flatus
377 2640 408 2698 et
434 2638 491 2697 tibi
521 2638 632 2698 bonam
658 2657 778 2699 eausam
805 2639 913 2698 habere
940 2639 1091 2712 videreris,

10 2752 14 2791 ι

150 2807 307 2878 assperba
324 2807 387 2877 quis
406 2816 458 2861 nv
524 2816 676 2879 4possum
693 2817 721 2862 Β
786 2810 815 2863 et
833 2808 929 2864 Klotz:
949 2807 998 2861 sed
1017 2831 1039 2861 ω

78 2878 313 2935 datrsedObr.
387 2879 607 2950 religamen,
631 2890 810 2949 eonarepm
881 2879 1098 2934 starehoom'

80 2956 112 3005 11
132 2951 208 3004 certe
226 2963 307 3015 emp
378 2950 484 3016 ferrea
555 2951 692 3006 extundat
709 2961 737 3005 Β
817 2956 849 3004 13
868 2951 942 3004 huno
960 2967 1049 3020 usque
1067 2959 1096 3004 Β

22 3064 25 3069 .
80 3026 113 3075 11
131 3023 277 3086 tantuma
367 3027 400 3076 16
419 3022 526 3077 istarde
544 3032 577 3090 Β,
596 3025 626 3076 te
643 3033 752 3092 supro
837 3022 907 3076 feeit
929 3030 951 3073 V
1017 3021 1092 3075 vide-

78 3090 158 3148 lieet:
178 3091 287 3147 iudiees
305 3103 363 3161 em
381 3093 444 3147 iudi
462 3104 495 3147 M
512 3097 534 3163 (1
551 3095 659 3149 videtur
677 3095 740 3148 add.
755 3096 796 3163 m)
866 3098 899 3146 17
917 3108 979 3146 esse
996 3102 1024 3146 Β

81 3163 260 3235 18111111ξῇ
283 3167 322 3235 (se
344 3165 454 3220 vidden
475 3166 523 3234 er.)
546 3176 567 3219 V
654 3171 686 3218 19
711 3165 829 3218 rationis
852 3173 891 3230 Β,
916 3174 1023 3219 corno

80 3240 114 3289 10
132 3234 284 3290 adeone-
295 3235 459 3290 exciderunt
477 3253 526 3292 ona
541 3245 601 3291 lm
616 3236 690 3307 (add.
704 3240 745 3308 m)
803 3241 835 3289 21
857 3234 1052 3304 obstupuimus
1071 3256 1094 3287 ω

75 3312 186 3377 praeter
203 3315 233 3360 Β
310 3313 343 3361 11
362 3307 400 3361 ad
417 3307 549 3362 ultimum
567 3316 600 3362 Β
673 3307 836 3362 memoriae:
854 3305 989 3360 memoria
1008 3307 1051 3358 est
1065 3315 1098 3358 Β

79 3394 135 3465 (vel
147 3395 190 3449 sie
202 3395 334 3450 ultimum
348 3396 438 3451 omnis
452 3397 603 3451 memoriae
614 3439 682 3451 .....
693 3395 763 3450 facit
776 3396 901 3464 supano
948 3399 982 3448 al
1000 3381 1095 3448 reddit

79 3466 225 3610 (1.ςᾶοόὼὲ
238 3475 304 3532 neu
380 3472 413 3522 25
432 3468 584 3538 respondet
596 3477 662 3533 Meo
738 3473 772 3522 16
790 3467 932 3532 venisses
1001 3467 1112 3534 meae}

130 3636 286 3684 ammrm
295 3646 502 3684 rtmurrom
516 3643 553 3686 ed.
567 3644 713 3692 Iaehnert.
927 3636 970 3688 m
