2408 3840
10 166 12 175 ,
431 109 666 165 DECLAMATIO
685 111 837 166 1113-16.
1097 112 1140 176 33

10 202 14 231 l

10 254 15 293 Ι
128 282 288 341 constaret.
334 298 421 339 nemo
447 299 580 355 unquam
606 280 673 339 ideo
701 300 761 339 non
789 281 897 339 obiecit
923 280 984 340 filio
1016 282 1139 358 parrici-

130 370 221 444 dium,
243 371 316 445 quia
339 368 514 428 crederetur.

196 458 255 519 Per
273 458 370 532 fidem,
388 457 509 532 iudices,
527 457 661 533 duorum,
679 458 758 516 inter
776 476 851 533 quos
871 458 906 517 de
926 460 1032 518 scelere
1050 479 1139 536 quae·
1181 473 1183 477 ·

18 562 23 613 ἰ
129 548 218 623 uitur,
247 543 436 606 aestimemus
463 549 579 606 mutato
611 549 789 605 testamento
821 549 987 623 proximam
1013 552 1138 608 noctem.

24 660 34 723 ξ
100 638 260 710 simonis,
293 654 344 694 seu
375 635 515 694 innocens
547 653 599 694 seu
630 636 778 711 parricida
806 638 863 709 est,
896 637 993 697 adhuc
1027 638 1058 695 in
1086 657 1139 697 suo

127 725 249 785 silentio
273 727 380 800 stupet.
416 744 469 784 nee
491 724 578 783 facile
603 724 735 800 dixerim,
757 724 835 783 unde
854 725 949 784 maior
970 727 1139 802 trepidatio,

10 880 15 892 ,
127 816 152 874 si
176 814 311 873 alienum
338 815 437 872 tenuit
459 832 498 872 an
521 833 608 873 suurn
630 832 783 873 venenum.
829 833 955 874 noverca
977 834 1040 873 rem
1063 816 1141 873 inter

10 943 19 979 ὓ
126 921 235 963 manus
258 902 349 961 habet
372 903 499 977 anxiam,
521 902 677 978 trepidam.
714 903 790 961 nihil
813 906 858 961 est
880 903 1030 963 difficilius
1050 923 1139 979 quam

10 1028 25 1069 ,Ἰ
128 993 247 1051 differre
272 991 413 1069 gaudium
432 991 511 1067 quod
533 993 609 1050 scias
627 994 657 1050 te
676 1011 735 1050 non
755 994 874 1067 mereri,
898 995 928 1053 et
946 993 1007 1052 filio
1027 1013 1057 1052 se
1077 1012 1139 1052 esse

19 1118 44 1154 ³:
95 1081 311 1157 sopraelatam,
342 1096 400 1139 non
429 1083 474 1139 est
500 1081 591 1158 longa
617 1081 780 1157 persuasio.
825 1084 961 1158 expectat
987 1103 1078 1156 nune,
1106 1084 1140 1140 ut

10 1202 33 1242 ,ᾖ
129 1170 245 1229 iuvenis
269 1171 341 1247 agat
364 1187 483 1229 causam
505 1173 623 1246 postero
646 1169 702 1244 die,
724 1172 760 1228 ut
779 1171 932 1229 credulum
951 1191 1049 1230 senem
1072 1191 1139 1248 pro-

10 1295 37 1331 ,m
129 1261 250 1336 pinqni,
278 1261 312 1317 ut
335 1256 440 1318 civitas
463 1259 601 1318 universa
624 1259 763 1336 castiget,
791 1261 821 1317 et
844 1277 874 1317 se
897 1279 1024 1320 noverca
1048 1261 1140 1319 sensit

10 1382 38 1419 :a
131 1351 216 1408 unius
249 1349 368 1406 tantum
399 1348 494 1406 noctis
526 1347 671 1407 heredem.
717 1366 776 1406 non
804 1348 935 1406 creditur
961 1352 1138 1408 testamento

131 1437 258 1497 hominis
278 1436 330 1512 qui
349 1437 452 1494 eadem
468 1440 555 1496 nocte
575 1456 635 1512 qua
652 1436 747 1494 filium
767 1437 967 1514 exheredavit,
988 1439 1138 1497 occiditur.

53 1560 57 1569 ·
104 1543 121 1583 ιι
196 1526 477 1600 Tractemusnunc,
493 1525 613 1600 iudices,
631 1526 726 1602 ipsius
744 1526 861 1585 sceleris
881 1529 1138 1603 comparationem.
1155 1529 1193 1584 16

133 1633 234 1674 caecus
252 1615 380 1692 ignorat,
399 1614 451 1673 ubi
468 1616 566 1674 iaceat
584 1633 679 1688 senex,
694 1635 733 1674 an
751 1616 812 1673 iarn
831 1616 971 1690 quiescat.
1002 1619 1032 1675 et
1051 1636 1139 1691 quam

32 1729 43 1764 r
133 1703 252 1764 difficile
276 1706 329 1777 est,
352 1706 386 1762 ut
404 1704 504 1763 credat
527 1703 615 1762 illum
634 1704 687 1780 qui
704 1704 792 1763 modo
812 1704 847 1762 de
865 1705 1024 1780 parricidio
1044 1708 1139 1782 suspi-

26 1798 45 1841 ἰ
134 1796 213 1852 atus
237 1794 292 1866 est,
315 1792 441 1851 dormire
464 1791 601 1868 patrem?
645 1796 679 1852 tu
702 1793 807 1894 sentis,
831 1794 950 1868 quando
973 1813 1073 1853 senem
1096 1797 1139 1853 vi·

134 1884 202 1941 cerit
226 1881 371 1941 lassitudo
394 1900 539 1940 curarum.
586 1901 671 1942 caeco
679 1882 761 1982 'quis
784 1882 950 1957 renuntiat,
979 1884 1059 1958 quod
1081 1884 1140 1943 diei

10 2164 37 2205 tn
132 2169 205 2224 nem,
229 2168 305 2208 uxor
326 2151 357 2206 et
379 2148 505 2207 domina.
547 2167 632 2208 oaeeo
656 2150 791 2208 fortassis
815 2149 853 2208 ad
876 2065 960 2209 aliucl
981 2150 1071 2208 limen
1094 2170 1139 2208 er-

25 2271 36 2279 ·
131 2239 258 2297 randum
281 2240 334 2311 est,
356 2237 414 2296 tibi
435 2238 491 2296 hoc
514 2238 611 2297 solum
633 2241 739 2312 restat,
762 2240 798 2296 ut
819 2237 917 2297 ferias.
963 2257 1065 2296 caecus
1089 2259 1138 2297 ne·

10 2342 32 2384 ³.
131 2345 210 2387 cesse
230 2330 275 2386 est
292 2327 423 2402 quietem
440 2328 535 2403 patris
553 2327 619 2402 ipsa
637 2345 794 2403 corporum
813 2327 954 2385 electione
969 2327 1138 2403 confundat,

10 2420 30 2474 ιι
42 2476 56 2487 ,
99 2432 119 2474 ιι
132 2419 165 2474 tu
186 2416 335 2494 iugulum,
357 2418 392 2474 tu
414 2418 498 2492 potes
517 2419 698 2491 pertractare
717 2419 829 2493 pectus,
853 2416 923 2474 dum
942 2416 1138 2491 amplecteris.

12 2538 24 2547 κ
129 2505 215 2564 nobis
236 2505 346 2562 iterum
365 2523 458 2580 casus,
480 2523 581 2563 rursus
599 2505 712 2563 reditus
731 2507 843 2564 incerta
862 2505 1036 2580 temptanda
1055 2509 1138 2582 sunt,

10 2630 25 2640 «
128 2594 184 2653 tibi
207 2596 310 2668 restat,
333 2595 489 2653 utstatim
511 2594 643 2653 membra
666 2612 823 2670 conponas,
846 2596 881 2652 ut
901 2596 1042 2669 quiescas.
1079 2614 1138 2653 non

128 2750 344 2761 —...—-—-—

200 2835 368 2940 eproximll
385 2836 479 2924 norell
493 2879 521 2923 Β
588 2870 806 2925 tinnocencens
820 2880 848 2924 Β
915 2876 1056 2953 timenus¹
1066 2871 1140 2924 inter

126 3007 223 3060 rems
282 2999 315 3046 10
334 2996 475 3063 expectat:
499 2996 553 3048 -tet
570 3004 630 3048 ΒΜ
686 3000 718 3048 16
742 2995 817 3049 iacet
834 3005 862 3049 ι’
924 3000 959 3047 17·
975 2959 1099 3063 pariillio
1122 3005 1144 3048 ι’
1185 3001 1187 3004 ’

128 3073 160 3121 19
182 3065 274 3136 quod:
294 3083 348 3134 quo
368 3075 400 3119 Β
460 3070 494 3118 20
512 3067 544 3120 ut
562 3066 624 3119 sitis
643 3067 719 3121 Dese.
732 3084 761 3135 p.
773 3071 820 3120 73:
841 3066 970 3120 anteitis
989 3076 1070 3119 BVM
1085 3067 1139 3137 (vel

127 3155 164 3192 an
177 3140 234 3207 n);
255 3136 309 3190 scis
328 3148 380 3201 ayo
396 3138 438 3206 (ie
455 3153 509 3193 raa.
523 3148 553 3205 J,
573 3138 626 3190 scis
640 3169 676 3177 —
690 3153 756 3191 cura
775 3155 825 3192 om.
841 3138 1015 3207 11,add.12);
1034 3140 1066 3190 tu
1085 3138 1138 3191 scis

126 3210 166 3263 H.
181 3227 212 3279 p.
230 3212 267 3263 55
337 3224 406 3262 una:
426 3208 484 3262 vita
506 3219 531 3261 J
591 3215 624 3261 22
644 3208 814 3263 fortassee!
879 3209 976 3262 limen:
996 3209 1091 3262 lumen
1106 3218 1138 3273 Ρ,

126 3297 195 3335 corr.
205 3302 227 3342 ρ
287 3284 320 3332 24
340 3279 494 3333 confundat
507 3296 540 3334 ee
553 3279 688 3334 fecundat
701 3290 729 3333 Β
786 3286 819 3333 26
838 3280 919 3334 nobis
938 3280 1039 3333 iterum
1059 3296 1138 3333 casus

125 3352 216 3418 redit
239 3367 334 3404 rursus
357 3350 464 3404 incerta
482 3353 612 3405 tentante
631 3352 696 3403 sunt
713 3364 751 3415 yo
819 3351 926 3405 reditus
946 3359 985 3404 N:
1007 3350 1081 3405 redit
1099 3370 1138 3405 re-

127 3423 198 3492 liqui
275 3427 340 3490 poet
361 3422 468 3476 reditus
491 3422 724 3477 emeritensem
742 3423 781 3478 H
797 3440 826 3493 p.
842 3427 878 3477 55
949 3423 1094 3495 teptanda
1114 3432 1151 3488 B,

131 3494 412 3550 ’Μαιιιναεδ
483 3499 516 3546 27
539 3495 689 3549 saltem?

181 3592 338 3641 ommim
348 3601 548 3634 assumtam
563 3597 598 3638 ed
609 3597 753 3647 Lahnert.
986 3599 1004 3648 3
