2408 3840
86 170 149 233 128
409 167 586 223 CORPORIS
602 167 771 223 unomen

83 357 152 396 men
174 337 206 394 in
229 336 355 395 ultorem
376 339 494 412 purtem
516 335 688 396 debuissent
708 336 818 396 hebere
839 337 992 411 momenti,
1016 335 1093 413 qued

83 427 152 502 plus
174 425 249 484 milri
270 427 410 500 poterunt
431 424 570 501 prodesse
592 445 683 502 quum
704 425 770 485 libi
806 427 835 485 ei
855 425 955 486 lebori
976 428 1093 503 oportet

83 514 261 589 incumbere,
283 513 336 572 ubi
357 514 478 573 effeetus
500 515 695 591 promittitur.
736 515 833 574 stultu
853 533 927 575 oure
949 519 996 575 est
1018 533 1093 592 quoe

84 623 167 680 spem
197 623 258 663 non
288 603 386 662 hebet
431 622 486 681 ego
517 603 624 663 redimi
654 607 803 680 potorum,
836 606 872 663 tu
902 604 1007 664 seueri
1037 623 1093 664 non

82 695 211 768 poteras.
244 693 457 768 qualiscunque
475 692 536 751 ista
548 692 712 768 eulemitus,
729 692 958 753 inemendabilis
976 692 1093 754 oeeidit:
1114 712 1123 753 1

83 801 143 841 non
169 782 333 841 remedium
359 782 506 857 occipere,
536 801 595 840 non
617 781 762 841 vicarium
783 784 891 857 potest
938 782 1095 843 assedisset

83 871 197 930 sufficet
218 871 329 930 lectulo
351 869 489 929 ineffionx
505 870 647 930 sedulitas
670 874 701 929 et
719 871 849 946 uooeptis
867 871 1006 947 epistolis
1024 871 1095 932 meis

82 960 198 1019 iuvenis
220 959 299 1018 lilius
322 959 398 1017 nihil
418 959 502 1018 uliud
524 978 614 1035 quum
641 979 709 1018 eum
730 963 828 1020 metro
848 959 989 1020 flevisset
1027 962 1096 1037 quie

82 1049 234 1124 profectus
256 1051 311 1121 est,
333 1048 457 1107 ulterius
479 1052 582 1107 tumen
603 1048 737 1124 parentis
759 1049 916 1109 eelumitus
938 1050 1096 1109 emendate

83 1144 137 1197 est.
174 1139 200 1195 si
222 1138 421 1212 remansisset,
444 1140 475 1195 et
495 1140 623 1196 matrem
643 1156 762 1196 oeeeem
783 1138 908 1198 heberet
926 1141 958 1198 et
978 1142 1095 1215 putrem
1107 1156 1128 1197 11

83 1228 245 1302 captivum.
280 1226 363 1285 ndioe
376 1221 455 1304 (eo)
467 1225 547 1303 quod
563 1226 622 1285 tibi
634 1245 694 1285 non
712 1227 877 1287 noeoeane
890 1226 947 1286 filii
960 1246 1095 1303 praesen·

82 1317 128 1373 tia
146 1316 213 1373 fuit
251 1314 384 1374 adsidere
403 1316 490 1387 enim,
508 1315 589 1375 eibos
606 1316 786 1390 ministrare,
802 1335 927 1375 menum
944 1317 1097 1395 porrigere

84 1404 211 1480 quilibet
237 1407 364 1479 poterat.
409 1404 550 1478 mentior,
579 1405 638 1463 nisi
664 1406 778 1464 foetum
803 1407 863 1480 est,
893 1425 942 1465 me
970 1405 1011 1464 ab
1036 1406 1096 1465 illis

84 1496 208 1569 ceptum
238 1496 303 1551 tem
329 1493 404 1551 dum
436 1493 606 1553 eondioione
632 1494 782 1569 venalem,
815 1494 895 1570 quod
925 1496 1036 1571 utique
1065 1495 1097 1553 in

84 1583 267 1642 confessione
290 1585 348 1657 est,
374 1601 461 1642 neme
488 1582 566 1642 nlius
590 1582 764 1642 redemisset
785 1603 876 1659 quum
901 1582 984 1643 lilius
1006 1601 1095 1642 moue
1109 1600 1132 1643 11

149 1672 191 1730 llt
213 1691 268 1748 ego
292 1671 333 1730 sio
362 1690 432 1749 ego,
458 1674 613 1747 temquum
639 1672 694 1731 hoe
721 1675 841 1730 tentum
866 1671 948 1732 filine
974 1675 1096 1750 proptor

83 1780 130 1818 me
157 1761 274 1833 feeerit,
297 1779 478 1835 quemquem
507 1760 539 1818 in
565 1761 621 1819 hoe
647 1761 771 1838 litigutu
792 1760 1015 1836 quodammodo
1041 1761 1097 1820 tibi

83 1851 150 1924 ipsa
178 1849 327 1908 excidisti:
355 1852 386 1907 et
408 1868 590 1924 quemquem
616 1849 649 1907 id
671 1868 757 1927 eges,
783 1853 821 1908 ut
841 1851 952 1909 merite
975 1852 1032 1910 tue
1051 1851 1097 1909 in·

83 1938 162 1996 iuria
180 1937 291 2011 vinens,
314 1957 424 1997 novum
445 1937 571 1997 induisti
588 1940 725 2015 rigorem,
748 1956 808 1997 non
829 1938 974 2015 prohibeo
997 1942 1099 1999 temen

84 2027 297 2085 testimonium
339 2026 378 2084 ad
397 2027 630 2104 redemptionem
652 2046 751 2086 meam
771 2027 868 2086 filium
889 2027 957 2104 ipse
979 2027 1134 2104 misistis·

85 2134 152 2174 oum
175 2116 216 2174 sie
238 2116 408 2194 plangeres,
429 2135 498 2175 eum
520 2119 646 2175 mortem
668 2118 845 2192 precereris,
872 2134 942 2175 oum
962 2118 996 2177 te
1018 2117 1097 2178 omni

83 2205 239 2263 viduatum
261 2205 417 2279 voluptate
440 2206 592 2279 clamares,
615 2224 683 2264 eum
706 2205 823 2281 saepius
846 2223 980 2283 gemeres
1004 2207 1098 2285 eapti·

83 2296 209 2352 vitutem
231 2312 329 2351 meam
352 2312 441 2370 quem
464 2295 640 2354 eaecitatem
661 2299 753 2355 tuem.
798 2313 858 2353 non
881 2298 947 2355 erut
968 2295 1020 2355 illi
1041 2297 1098 2355 fer·

84 2402 170 2441 reum
192 2384 296 2458 peetus
319 2400 372 2440 nec
391 2401 442 2441 eor
459 2382 541 2442 siliee
559 2386 739 2458 concretum,
761 2387 797 2442 ut
817 2384 890 2442 11111
912 2384 980 2460 peti
999 2388 1099 2463 posset

155 2521 236 2584 2384.
255 2517 289 2582 cf.
309 2515 404 2569 mnu.
421 2516 501 2585 epist.
519 2522 559 2581 14,
575 2522 591 2569 3
610 2521 647 2587 (p.
663 2519 720 2586 30):
738 2533 796 2570 non
814 2519 858 2570 est
874 2516 956 2571 nobis
976 2517 1096 2574 ferroum

84 2590 182 2656 pectus
200 2604 253 2641 neo
272 2586 342 2640 dure
359 2587 531 2656 praecordia.

157 2718 170 2765 1
190 2682 298 2766 hebere
313 2729 347 2766 ex
363 2712 465 2766 hebere
483 2721 511 2764 Β
562 2712 736 2766 monumenti
754 2711 1097 2784 ΒΙ(111111011111111·1)

84 2786 231 2852 ipoterut
251 2784 312 2838 Obr.
385 2800 483 2854 quem:
502 2784 578 2852 quod
596 2793 624 2836 P
692 2800 727 2837 eo
744 2792 796 2836 BV
863 2783 960 2838 labore
983 2795 1033 2840 VP

84 2895 100 2942 3
120 2906 204 2958 quae:
228 2908 313 2958 quem
336 2901 357 2943 1·
424 2897 442 2945 4
465 2872 519 2962 1113
537 2900 565 2943 Β
581 2893 666 3014 propr.
681 2893 708 2962 u)
781 2896 797 2944 6
820 2907 876 2945 non
896 2892 1097 2947 remedium—

85 2962 236 3016 aseediseet
253 2979 303 3016 om.
323 2971 344 3014 V
394 2961 571 3016 leoilioete
600 2961 693 3016 ectnlo
706 2970 758 3014 ΒΓ
807 2961 949 3031 epistolis:
967 2978 986 3017 e
1006 2963 1101 3019 uliud

84 3037 101 3086 8
120 3049 217 3101 quem:
237 3034 313 3102 quod
330 3043 358 3086 Ρ
411 3039 443 3087 11
463 3034 543 3087 edice
561 3049 594 3087 eo
612 3043 672 3086 Bt:
692 3033 785 3088 edieio
799 3041 865 3098 leo
922 3037 955 3087 1⁶
1008 3034 1057 3089 ‘ud
1074 3040 1101 3088 P

86 3109 118 3156 16
137 3122 223 3172 supra
236 3106 316 3159 verba
331 3121 384 3176 ugo
398 3122 452 3174 sqq.
467 3105 500 3157 in
512 3114 540 3157 Β
552 3105 645 3160 alieno
658 3122 757 3160 manus
769 3105 880 3174 scripsit
892 3105 923 3158 et
935 3120 970 3159 eo
984 3098 1099 3177 ugtodd‘

83 3176 233 3244 sedpoulo
250 3176 488 3230 oblitteraturum
558 3176 628 3230 heeo
646 3188 667 3228 o
737 3181 770 3229 1'1
787 3175 854 3231 hoo:
872 3173 928 3230 hee
945 3182 975 3230 Β
1041 3175 1099 3232 liti·

84 3249 151 3317 geto
170 3256 222 3299 ΒΓ
272 3247 478 3316 quodammodo
498 3259 526 3300 s:
550 3247 673 3316 quodem
691 3263 753 3301 meo
776 3268 799 3301 o
853 3251 887 3301 18
911 3263 1097 3319 quemquem:

85 3319 200 3372 alterum
218 3335 303 3386 quom
321 3336 355 3372 ex
372 3324 526 3373 conectere
544 3328 586 3386 M3
609 3318 705 3387 qd'qd'
723 3327 752 3372 P
820 3322 854 3372 20
876 3317 923 3373 vel
939 3332 1038 3375 verens
1055 3320 1099 3373 iu·

85 3425 174 3493 uper
192 3425 222 3478 in
235 3425 325 3478 ouum
343 3427 372 3478 ee
389 3426 455 3495 poet
472 3441 564 3478 meam
578 3425 693 3479 finietur
709 3447 741 3478 m
758 3426 791 3479 o»
803 3440 890 3496 nare.
945 3431 981 3480 11
999 3406 1098 3497 vlup

79 3512 140 3604 odd
156 3559 189 3602 Β
203 3551 290 3621 (supr.
306 3551 347 3623 ⁵),
366 3549 510 3607 volentete
533 3559 554 3602 ι’
621 3556 655 3604 23
674 3549 718 3604 illi
735 3567 786 3605 om.
806 3559 828 3602 r
