2408 3840
131 168 196 231 316
454 165 638 220 VENENVM
656 165 829 221 Essvsvll

132 336 279 413 adrogans
307 337 372 394 vita
404 335 606 410 simulabitur,
638 335 743 395 statim
775 337 936 395 contumax
967 334 1053 394 dolor
1085 354 1148 394 cum

132 425 314 501 deprehensa
336 426 432 484 morte
455 424 619 484 dissentiet.

80 515 115 568 17
198 513 301 573 Nescis
317 516 463 589 quantum
481 514 557 571 mihi
570 513 779 574 haesitationis
797 514 961 590 paraveris,
976 532 1044 572 cum
1061 515 1149 572 inter-

131 622 227 680 rogeS,
251 603 321 661 dum
341 602 519 679 respondere
543 605 624 680 cogis
647 605 780 677 ‘smisque
802 621 851 660 me
868 601 967 661 redire
989 603 1022 659 in
1044 602 1148 675 forum,

132 691 267 768 litigare,
294 692 422 750 defendi.
466 711 514 749 me
541 711 612 751 vero
639 695 711 751 tuno
738 693 852 767 pariter
879 709 982 750 omnes
1013 690 1177 750 tenuistiss

133 779 275 856 adfectae,
298 781 475 858 indignatio,
498 783 604 858 pietas,
626 780 803 855 reverentia,
822 780 914 840 dolor.
957 798 1012 858 ego
1031 782 1149 857 propter

132 872 250 946 patrem
276 871 354 928 mori
385 888 519 946 possum,
551 889 651 929 coram
681 871 768 945 patre
800 887 860 928 non
893 887 1023 946 possum.
1072 869 1149 930 adice

133 979 213 1018 nuno
237 959 316 1033 quod
339 961 369 1017 et
392 958 507 1017 dixisti:
532 953 631 1018 ‘bibe’
677 959 703 1018 si
725 958 909 1019 mehercules
930 959 1068 1017 saucium
1091 959 1150 1035 pel·

133 1050 340 1124 pitantemque
372 1048 507 1107 iussisses
540 1047 659 1125 adigere
691 1048 816 1121 ferrum,
847 1065 1014 1124 premerem
1045 1049 1150 1108 clausis

133 1137 306 1195 vulneribus
330 1138 469 1212 animam,
493 1131 562 1215 (si)
585 1137 731 1214 stringere
750 1138 869 1213 aptatos
890 1136 928 1194 ad
951 1137 1031 1196 colla
1053 1154 1180 1210 nexuaio

134 1245 256 1285 conarer
283 1224 411 1300 abrupto
439 1225 558 1285 desilire
584 1227 705 1301 laqueo,
738 1227 765 1284 si
790 1243 851 1285 non
877 1227 1004 1284 iniceres
1031 1245 1149 1284 manum

135 1315 173 1372 ad
207 1315 384 1391 praecipitia
421 1316 608 1391 properanti,
643 1314 792 1374 flecterem
828 1316 861 1372 in
896 1315 990 1390 plana
1026 1334 1149 1374 cursum.

133 1403 240 1461 merito
259 1422 391 1479 prorsus,
410 1406 516 1479 anime,
535 1407 681 1463 secretum
699 1403 950 1478 solitudinemque
969 1406 1150 1479 captaverat.

133 1493 296 1551 intervenit
322 1495 421 1569 pater,
453 1495 554 1551 actum
580 1496 639 1568 est,
665 1494 745 1570 perit
775 1493 828 1551 ille
859 1496 1016 1569 susceptae
1049 1495 1150 1553 mortis

135 1581 224 1640 ardor
251 1584 282 1639 et
308 1584 435 1657 utroque
462 1600 516 1640 nos
543 1581 668 1641 resolvit
695 1581 821 1640 adfectu.
866 1583 944 1640 mori
966 1601 1027 1641 non
1054 1581 1182 1656 debean

135 1671 160 1729 si
184 1672 327 1745 vetuerit,
351 1690 411 1730 non
434 1674 551 1747 potero,
576 1672 601 1729 si
624 1671 751 1730 iusserit.
798 1665 899 1744 ‘bibe',
926 1670 1038 1747 inquit
1083 1690 1151 1730 non·

135 1759 206 1816 dum
230 1759 350 1834 quidem
371 1761 490 1836 potioni
512 1761 594 1818 virus
618 1762 755 1836 aptatum
779 1762 831 1818 est.
868 1759 920 1818 sed
941 1779 992 1819 me
1014 1760 1085 1821 ideo
1107 1761 1152 1820 de

134 1848 330 1925 prehendisti,
362 1850 434 1924 quia
467 1848 564 1907 adhuc
596 1848 756 1908 terebatur.
808 1848 905 1907 multa
935 1850 1042 1908 tamen
1073 1850 1153 1924 milii,

135 1939 231 2014 pater,
256 1940 324 1996 ante
348 1937 485 1996 facienda
508 1940 585 1997 sunt.
627 1938 696 1997 volo
718 1939 803 2014 prins
827 1954 990 1996 convocare
1014 1939 1153 2012 servulos,

135 2026 308 2086 contrahere
325 2025 457 2100 libertos,
476 2028 669 2104 complorare,
688 2027 836 2101 conqueri,
854 2025 1009 2102 mandare,
1028 2028 1152 2087 defendi
1164 2046 1187 2086 ro

135 2109 235 2173 ‘biba'
272 2116 347 2173 mihi
364 2135 435 2174 vero
457 2117 530 2174 tunc
554 2116 695 2175 adiecisse
713 2116 795 2175 visus
818 2133 862 2174 es:
887 2111 1020 2190 ‘tenena
1044 2118 1153 2191 haeres,

134 2224 235 2264 eamus
260 2204 299 2262 ad
320 2199 469 2264 iudicem'
517 2200 616 2263 ‘biba'
663 2206 707 2264 sic
728 2205 785 2264 hoc
807 2204 901 2279 iubes,
923 2207 1087 2282 tamquam
1108 2225 1153 2265 ne

135 2313 202 2370 gem
221 2313 374 2352 venenum.
411 2286 597 2371 interrogare
615 2313 669 2353 vos
687 2294 772 2353 velut
794 2294 826 2351 in
848 2294 903 2352 illa
926 2296 1038 2354 secreti
1060 2298 1153 2356 nostri

134 2383 303 2459 praesentia
320 2383 396 2441 libet
409 2401 498 2458 quem
516 2383 590 2442 mihi
609 2385 677 2458 post
695 2382 772 2441 hanc
785 2401 888 2442 vocem
905 2384 1043 2443 animum
1058 2382 1153 2445 datis?

207 2605 450 2660 lsimulabuntur
468 2615 496 2658 P
583 2607 816 2677 3quantum31⁷
901 2606 1084 2663 aesitationis
1102 2616 1155 2662 ΙΙ

135 2680 213 2745 (corr.
233 2680 275 2747 m)
356 2677 545 2745 interrogares
564 2677 602 2730 H.
689 2677 900 2747 trespondero
923 2687 944 2730 v
1033 2680 1152 2750 cogis-

134 2784 225 2837 forum
244 2785 354 2852 scripsi:
379 2765 511 2854 cogisttis
530 2800 614 2851 quem
635 2784 664 2837 et
680 2783 799 2836 reddere
821 2783 925 2838 iterum
941 2792 982 2850 Β;
1006 2785 1154 2856 cogissetis

135 2871 219 2924 quem
238 2857 274 2908 et.
293 2854 411 2908 reddere
430 2856 532 2908 iterum
551 2865 580 2922 1⁷3
600 2871 632 2908 co
653 2855 677 2908 is
696 2854 746 2908 sed
765 2870 849 2922 quem
868 2857 898 2909 et
915 2855 1034 2909 reddere
1054 2858 1154 2911 iterum

134 2936 212 2992 Myc3
236 2926 314 2996 cogis
333 2926 408 2979 sedis
427 2943 511 2994 quem
534 2928 563 2980 et
580 2873 697 2980 reddere
716 2926 819 2981 iterum
837 2940 864 2994 p,
888 2926 938 2980 sed
957 2943 1044 2996 quem
1064 2929 1155 2982 redire

134 2997 269 3051 inferum
286 2998 361 3064 Obr.;
382 2997 506 3067 sinisque
520 3014 565 3051 me
579 2997 695 3051 reddere
709 2997 812 3051 iterum
826 2997 904 3052 Dese.
916 3015 946 3067 p.
957 3001 1008 3066 923
1028 2999 1155 3055 sceleris·

135 3138 189 3189 que
209 3138 323 3176 censam
341 3122 459 3177 reddere
476 3122 579 3176 iterum
597 3121 636 3176 H.
705 3071 861 3207 elidigare
879 3131 908 3175 Β
954 3163 962 3179 .
994 3121 1102 3179 abibo
1119 3123 1154 3177 si:

133 3193 214 3248 bibes
229 3203 281 3246 BV
347 3193 575 3264 palpitatemque
588 3203 616 3246 Β
683 3193 804 3247 9olnsis
822 3202 856 3257 Vs
927 3197 961 3246 10
981 3193 1006 3247 si
1019 3194 1122 3252 edne

135 3265 301 3334 stringerem
320 3274 352 3318 Β
423 3271 454 3319 11
478 3265 602 3320 euiceres
619 3273 655 3332 Β,
673 3281 742 3320 corr.
758 3275 788 3333 ις
811 3265 918 3319 nicares
941 3273 963 3317 Β
1038 3272 1073 3321 12
1091 3283 1154 3336 pro·

133 3336 244 3403 petenti
266 3345 287 3388 v
385 3341 419 3390 13
442 3336 553 3390 animae
576 3344 644 3404 ΒΒ;
673 3335 769 3390 anima
792 3349 827 3400 ac
919 3334 1153 3392 sollicitudinem-

134 3423 189 3474 que
208 3410 273 3476 (que
291 3410 323 3462 ia
341 3410 407 3478 ras.)
422 3416 455 3461 Β
524 3413 559 3460 14
577 3406 645 3480 illte
663 3416 692 3460 Β
763 3412 796 3461 15
820 3409 849 3462 et
865 3408 899 3460 ut
915 3409 1038 3476 utroque
1057 3418 1087 3462 Β

136 3483 168 3530 16
186 3481 304 3546 potuero
322 3487 350 3531 Β
429 3477 532 3532 vixerit
550 3487 587 3543 Β,
605 3477 650 3531 vel
667 3478 783 3533 iusserit
799 3500 832 3531 u·
914 3483 947 3532 21
967 3477 1108 3536 abiecisse
1124 3486 1155 3532 ,Ι

125 3554 163 3604 22
179 3549 208 3604 si
223 3561 276 3622 713
297 3550 347 3607 sed
369 3563 386 3606 e
459 3555 493 3607 lt
511 3549 605 3605 nostri
622 3566 674 3604 aa.
688 3560 709 3602 v
