<?xml version="1.0" encoding="UTF-8"?>
<!DOCTYPE html PUBLIC "-//W3C//DTD XHTML 1.0 Transitional//EN"
    "http://www.w3.org/TR/xhtml1/DTD/xhtml1-transitional.dtd">
<html xmlns="http://www.w3.org/1999/xhtml" xml:lang="en" lang="en">
 <head>
  <title>
</title>
<meta http-equiv="Content-Type" content="text/html;charset=utf-8" />
  <meta name='ocr-system' content='tesseract 3.04.00' />
  <meta name='ocr-capabilities' content='ocr_page ocr_carea ocr_par ocr_line ocrx_word'/>
</head>
<body>
  <div class='ocr_page' id='page_1' title='image "./qvintilianiqvae01quingoog_0224.png"; bbox 0 0 2408 3840; ppageno 0'>
   <div class='ocr_carea' id='block_1_1' title="bbox 358 138 1112 207">
    <p class='ocr_par' dir='ltr' id='par_1_1' title="bbox 358 138 1112 207">
     <span class='ocr_line' id='line_1_1' title="bbox 358 138 1112 207; baseline 0.017 -15"><span class='ocrx_word' id='word_1_1' title='bbox 358 138 593 193; x_wconf 75' lang='lat' dir='ltr'><strong>DEOLAMATIO</strong></span> <span class='ocrx_word' id='word_1_2' title='bbox 611 139 650 192; x_wconf 82' lang='lat' dir='ltr'>IX</span> <span class='ocrx_word' id='word_1_3' title='bbox 664 145 768 192; x_wconf 79' lang='lat' dir='ltr'>es-aa</span> <span class='ocrx_word' id='word_1_4' title='bbox 788 140 813 193; x_wconf 81' lang='lat' dir='ltr'>x</span> <span class='ocrx_word' id='word_1_5' title='bbox 829 148 851 193; x_wconf 96' lang='lat'>1.</span> <span class='ocrx_word' id='word_1_6' title='bbox 1049 143 1112 207; x_wconf 87' lang='grc'>189</span> 
     </span>
    </p>
   </div>
   <div class='ocr_carea' id='block_1_2' title="bbox 289 412 929 646">
    <p class='ocr_par' dir='ltr' id='par_1_2' title="bbox 289 412 929 646">
     <span class='ocr_line' id='line_1_2' title="bbox 587 412 628 486; baseline 0.073 -3"><span class='ocrx_word' id='word_1_7' title='bbox 587 412 628 486; x_wconf 87' lang='grc' dir='ltr'>Χ.</span> 
     </span>
     <span class='ocr_line' id='line_1_3' title="bbox 289 571 929 646; baseline 0.005 -3"><span class='ocrx_word' id='word_1_8' title='bbox 289 571 570 645; x_wconf 79' lang='lat' dir='ltr'><strong>SEPVLORVM</strong></span> <span class='ocrx_word' id='word_1_9' title='bbox 598 571 929 646; x_wconf 78' lang='lat' dir='ltr'>INOANTATVM.</span> 
     </span>
    </p>
   </div>
   <div class='ocr_carea' id='block_1_3' title="bbox 76 769 1111 1096">
    <p class='ocr_par' dir='ltr' id='par_1_3' title="bbox 100 769 1111 838">
     <span class='ocr_line' id='line_1_4' title="bbox 100 769 1111 838; baseline 0.003 -9"><span class='ocrx_word' id='word_1_10' title='bbox 100 770 213 829; x_wconf 72' lang='lat' dir='ltr'>Minna</span> <span class='ocrx_word' id='word_1_11' title='bbox 246 787 469 829; x_wconf 74' lang='lat' dir='ltr'>rmoramorus</span> <span class='ocrx_word' id='word_1_12' title='bbox 502 786 551 827; x_wconf 81' lang='lat' dir='ltr'>arr</span> <span class='ocrx_word' id='word_1_13' title='bbox 580 787 681 829; x_wconf 74' lang='lat' dir='ltr'>aomo.</span> <span class='ocrx_word' id='word_1_14' title='bbox 732 769 813 838; x_wconf 86' lang='lat' dir='ltr'>Quae</span> <span class='ocrx_word' id='word_1_15' title='bbox 845 773 986 831; x_wconf 87' lang='lat' dir='ltr'>amissum</span> <span class='ocrx_word' id='word_1_16' title='bbox 1017 773 1111 832; x_wconf 90' lang='lat' dir='ltr'>filium</span> 
     </span>
    </p>

    <p class='ocr_par' dir='ltr' id='par_1_4' title="bbox 143 858 1111 932">
     <span class='ocr_line' id='line_1_5' title="bbox 143 858 1111 932; baseline 0.004 -15"><span class='ocrx_word' id='word_1_17' title='bbox 143 861 232 917; x_wconf 89' lang='lat' dir='ltr'>nocte</span> <span class='ocrx_word' id='word_1_18' title='bbox 251 858 371 917; x_wconf 87' lang='lat' dir='ltr'>videbat</span> <span class='ocrx_word' id='word_1_19' title='bbox 392 860 424 916; x_wconf 93' lang='lat' dir='ltr'>in</span> <span class='ocrx_word' id='word_1_20' title='bbox 447 860 565 932; x_wconf 87' lang='lat' dir='ltr'>somnis,</span> <span class='ocrx_word' id='word_1_21' title='bbox 587 858 733 917; x_wconf 81' lang='lat' dir='ltr'>indicavit</span> <span class='ocrx_word' id='word_1_22' title='bbox 754 861 872 919; x_wconf 86' lang='lat' dir='ltr'>marite.</span> <span class='ocrx_word' id='word_1_23' title='bbox 908 861 959 919; x_wconf 91' lang='lat' dir='ltr'>ille</span> <span class='ocrx_word' id='word_1_24' title='bbox 978 862 1111 922; x_wconf 87' lang='lat' dir='ltr'>adhibito</span> 
     </span>
    </p>

    <p class='ocr_par' dir='ltr' id='par_1_5' title="bbox 76 948 1110 1096">
     <span class='ocr_line' id='line_1_6' title="bbox 76 948 1110 1025; baseline 0.001 -18"><span class='ocrx_word' id='word_1_25' title='bbox 76 968 87 1007; x_wconf 75' lang='lat' dir='ltr'>a</span> <span class='ocrx_word' id='word_1_26' title='bbox 143 967 234 1025; x_wconf 84' lang='lat' dir='ltr'>mago</span> <span class='ocrx_word' id='word_1_27' title='bbox 256 948 422 1006; x_wconf 78' lang='lat' dir='ltr'>incantavit</span> <span class='ocrx_word' id='word_1_28' title='bbox 444 949 618 1023; x_wconf 89' lang='lat' dir='ltr'>sepulcrum.</span> <span class='ocrx_word' id='word_1_29' title='bbox 660 951 756 1006; x_wconf 86' lang='lat' dir='ltr'>mater</span> <span class='ocrx_word' id='word_1_30' title='bbox 778 949 867 1007; x_wconf 92' lang='lat' dir='ltr'>desiit</span> <span class='ocrx_word' id='word_1_31' title='bbox 889 950 989 1009; x_wconf 88' lang='lat' dir='ltr'>videre</span> <span class='ocrx_word' id='word_1_32' title='bbox 1009 951 1110 1010; x_wconf 91' lang='lat' dir='ltr'>filium.</span> 
     </span>
     <span class='ocr_line' id='line_1_7' title="bbox 144 1038 767 1096; baseline 0 -2"><span class='ocrx_word' id='word_1_33' title='bbox 144 1039 267 1096; x_wconf 87' lang='lat' dir='ltr'>accusat</span> <span class='ocrx_word' id='word_1_34' title='bbox 288 1038 430 1095; x_wconf 88' lang='lat' dir='ltr'>maritum</span> <span class='ocrx_word' id='word_1_35' title='bbox 452 1038 548 1095; x_wconf 89' lang='lat' dir='ltr'>malae</span> <span class='ocrx_word' id='word_1_36' title='bbox 572 1038 767 1096; x_wconf 73' lang='lat' dir='ltr'>tractationis,</span> 
     </span>
    </p>
   </div>
   <div class='ocr_carea' id='block_1_4' title="bbox 56 1231 1145 2733">
    <p class='ocr_par' dir='ltr' id='par_1_6' title="bbox 99 1231 1145 1488">
     <span class='ocr_line' id='line_1_8' title="bbox 167 1231 1145 1308; baseline 0.005 -18"><span class='ocrx_word' id='word_1_37' title='bbox 167 1231 322 1305; x_wconf 84' lang='lat' dir='ltr'>Quamvis,</span> <span class='ocrx_word' id='word_1_38' title='bbox 353 1232 476 1306; x_wconf 89' lang='lat' dir='ltr'>iudices,</span> <span class='ocrx_word' id='word_1_39' title='bbox 507 1234 586 1291; x_wconf 90' lang='lat' dir='ltr'>inter</span> <span class='ocrx_word' id='word_1_40' title='bbox 615 1251 664 1292; x_wconf 89' lang='lat' dir='ltr'>eos</span> <span class='ocrx_word' id='word_1_41' title='bbox 692 1234 744 1308; x_wconf 89' lang='lat' dir='ltr'>qui</span> <span class='ocrx_word' id='word_1_42' title='bbox 774 1234 934 1292; x_wconf 89' lang='lat' dir='ltr'>liberorum</span> <span class='ocrx_word' id='word_1_43' title='bbox 965 1231 1145 1295; x_wconf 88' lang='lat' dir='ltr'>mortibusl</span> 
     </span>
     <span class='ocr_line' id='line_1_9' title="bbox 99 1321 1111 1398; baseline 0.003 -19"><span class='ocrx_word' id='word_1_44' title='bbox 99 1321 240 1379; x_wconf 88' lang='lat' dir='ltr'>destituti</span> <span class='ocrx_word' id='word_1_45' title='bbox 266 1323 372 1380; x_wconf 88' lang='lat' dir='ltr'>cuncta</span> <span class='ocrx_word' id='word_1_46' title='bbox 399 1323 470 1379; x_wconf 88' lang='lat' dir='ltr'>vota</span> <span class='ocrx_word' id='word_1_47' title='bbox 498 1323 528 1379; x_wconf 92' lang='lat' dir='ltr'>et</span> <span class='ocrx_word' id='word_1_48' title='bbox 558 1324 752 1397; x_wconf 89' lang='lat' dir='ltr'>praeparatas</span> <span class='ocrx_word' id='word_1_49' title='bbox 779 1341 845 1398; x_wconf 91' lang='lat' dir='ltr'>spes</span> <span class='ocrx_word' id='word_1_50' title='bbox 872 1325 904 1381; x_wconf 91' lang='lat' dir='ltr'>in</span> <span class='ocrx_word' id='word_1_51' title='bbox 932 1327 1111 1383; x_wconf 87' lang='lat' dir='ltr'>senectutem</span> 
     </span>
     <span class='ocr_line' id='line_1_10' title="bbox 100 1409 1111 1488; baseline 0.004 -20"><span class='ocrx_word' id='word_1_52' title='bbox 100 1411 171 1468; x_wconf 90' lang='lat' dir='ltr'>ante</span> <span class='ocrx_word' id='word_1_53' title='bbox 194 1429 225 1469; x_wconf 89' lang='lat' dir='ltr'>se</span> <span class='ocrx_word' id='word_1_54' title='bbox 249 1411 384 1488; x_wconf 83' lang='lat' dir='ltr'>egerunt,</span> <span class='ocrx_word' id='word_1_55' title='bbox 411 1410 442 1467; x_wconf 92' lang='lat' dir='ltr'>id</span> <span class='ocrx_word' id='word_1_56' title='bbox 464 1410 525 1468; x_wconf 86' lang='lat' dir='ltr'>fere</span> <span class='ocrx_word' id='word_1_57' title='bbox 548 1409 769 1469; x_wconf 89' lang='lat' dir='ltr'>acerbissimum</span> <span class='ocrx_word' id='word_1_58' title='bbox 793 1414 939 1471; x_wconf 87' lang='lat' dir='ltr'>certamen</span> <span class='ocrx_word' id='word_1_59' title='bbox 963 1413 1111 1472; x_wconf 87' lang='lat' dir='ltr'>conflicta-</span> 
     </span>
    </p>

    <p class='ocr_par' dir='ltr' id='par_1_7' title="bbox 56 1499 1113 2733">
     <span class='ocr_line' id='line_1_11' title="bbox 61 1499 1112 1574; baseline 0.003 -16"><span class='ocrx_word' id='word_1_60' title='bbox 61 1500 193 1558; x_wconf 83' lang='lat' dir='ltr'>lotionis</span> <span class='ocrx_word' id='word_1_61' title='bbox 226 1500 353 1572; x_wconf 88' lang='lat' dir='ltr'>oriatur,</span> <span class='ocrx_word' id='word_1_62' title='bbox 385 1501 419 1556; x_wconf 91' lang='lat' dir='ltr'>ut</span> <span class='ocrx_word' id='word_1_63' title='bbox 446 1500 647 1574; x_wconf 91' lang='lat' dir='ltr'>unusquisqne</span> <span class='ocrx_word' id='word_1_64' title='bbox 674 1499 802 1560; x_wconf 90' lang='lat' dir='ltr'>luctibus</span> <span class='ocrx_word' id='word_1_65' title='bbox 830 1519 864 1559; x_wconf 89' lang='lat' dir='ltr'>ac</span> <span class='ocrx_word' id='word_1_66' title='bbox 893 1503 1023 1561; x_wconf 78' lang='lat' dir='ltr'>lacrimis</span> <span class='ocrx_word' id='word_1_67' title='bbox 1052 1505 1112 1562; x_wconf 89' lang='lat' dir='ltr'>suis</span> 
     </span>
     <span class='ocr_line' id='line_1_12' title="bbox 101 1587 1112 1666; baseline 0.004 -20"><span class='ocrx_word' id='word_1_68' title='bbox 101 1587 205 1647; x_wconf 89' lang='lat' dir='ltr'>credat</span> <span class='ocrx_word' id='word_1_69' title='bbox 233 1588 368 1646; x_wconf 86' lang='lat' dir='ltr'>accedere</span> <span class='ocrx_word' id='word_1_70' title='bbox 396 1588 545 1663; x_wconf 89' lang='lat' dir='ltr'>quandam</span> <span class='ocrx_word' id='word_1_71' title='bbox 573 1587 762 1666; x_wconf 85' lang='lat' dir='ltr'>dignitatem,</span> <span class='ocrx_word' id='word_1_72' title='bbox 791 1590 817 1648; x_wconf 90' lang='lat' dir='ltr'>si</span> <span class='ocrx_word' id='word_1_73' title='bbox 843 1591 1024 1650; x_wconf 84' lang='lat' dir='ltr'>miserrimus</span> <span class='ocrx_word' id='word_1_74' title='bbox 1050 1611 1112 1651; x_wconf 91' lang='lat' dir='ltr'>esse</span> 
     </span>
     <span class='ocr_line' id='line_1_13' title="bbox 99 1671 1112 1756; baseline 0.004 -21"><span class='ocrx_word' id='word_1_75' title='bbox 99 1676 253 1749; x_wconf 83' lang='lat' dir='ltr'>videatur,</span> <span class='ocrx_word' id='word_1_76' title='bbox 284 1677 357 1736; x_wconf 90' lang='lat' dir='ltr'>haec</span> <span class='ocrx_word' id='word_1_77' title='bbox 383 1679 484 1734; x_wconf 87' lang='lat' dir='ltr'>tamen</span> <span class='ocrx_word' id='word_1_78' title='bbox 511 1678 622 1735; x_wconf 88' lang='lat' dir='ltr'>femina</span> <span class='ocrx_word' id='word_1_79' title='bbox 642 1697 743 1752; x_wconf 88' lang='lat' dir='ltr'>neque</span> <span class='ocrx_word' id='word_1_80' title='bbox 771 1681 842 1736; x_wconf 88' lang='lat' dir='ltr'>noto</span> <span class='ocrx_word' id='word_1_81' title='bbox 870 1699 964 1754; x_wconf 90' lang='lat' dir='ltr'>neque</span> <span class='ocrx_word' id='word_1_82' title='bbox 993 1671 1112 1756; x_wconf 88' lang='lat' dir='ltr'>publico</span> 
     </span>
     <span class='ocr_line' id='line_1_14' title="bbox 100 1765 1112 1842; baseline 0.005 -19"><span class='ocrx_word' id='word_1_83' title='bbox 100 1784 209 1842; x_wconf 83' lang='lat' dir='ltr'>genere</span> <span class='ocrx_word' id='word_1_84' title='bbox 239 1765 416 1824; x_wconf 90' lang='lat' dir='ltr'>miserabilis</span> <span class='ocrx_word' id='word_1_85' title='bbox 448 1785 507 1823; x_wconf 90' lang='lat' dir='ltr'>non</span> <span class='ocrx_word' id='word_1_86' title='bbox 538 1765 725 1842; x_wconf 89' lang='lat' dir='ltr'>impudenter</span> <span class='ocrx_word' id='word_1_87' title='bbox 755 1769 834 1825; x_wconf 90' lang='lat' dir='ltr'>inter</span> <span class='ocrx_word' id='word_1_88' title='bbox 861 1771 973 1828; x_wconf 89' lang='lat' dir='ltr'>ceteras</span> <span class='ocrx_word' id='word_1_89' title='bbox 1002 1772 1112 1828; x_wconf 90' lang='lat' dir='ltr'>matres</span> 
     </span>
     <span class='ocr_line' id='line_1_15' title="bbox 101 1854 1112 1932; baseline 0.004 -20"><span class='ocrx_word' id='word_1_90' title='bbox 101 1874 179 1930; x_wconf 90' lang='lat' dir='ltr'>quae</span> <span class='ocrx_word' id='word_1_91' title='bbox 203 1856 256 1912; x_wconf 88' lang='lat' dir='ltr'>aut</span> <span class='ocrx_word' id='word_1_92' title='bbox 278 1856 379 1913; x_wconf 91' lang='lat' dir='ltr'>unicos</span> <span class='ocrx_word' id='word_1_93' title='bbox 403 1857 455 1913; x_wconf 89' lang='lat' dir='ltr'>aut</span> <span class='ocrx_word' id='word_1_94' title='bbox 477 1854 597 1914; x_wconf 88' lang='lat' dir='ltr'>iuvenes</span> <span class='ocrx_word' id='word_1_95' title='bbox 620 1857 687 1931; x_wconf 88' lang='lat' dir='ltr'>pios</span> <span class='ocrx_word' id='word_1_96' title='bbox 709 1855 785 1914; x_wconf 89' lang='lat' dir='ltr'>filios</span> <span class='ocrx_word' id='word_1_97' title='bbox 809 1858 1013 1932; x_wconf 89' lang='lat' dir='ltr'>perdiderunt,</span> <span class='ocrx_word' id='word_1_98' title='bbox 1042 1859 1112 1917; x_wconf 93' lang='lat' dir='ltr'>emi-</span> 
     </span>
     <span class='ocr_line' id='line_1_16' title="bbox 58 1944 1111 2022; baseline 0 -18"><span class='ocrx_word' id='word_1_99' title='bbox 58 1963 172 2004; x_wconf 79' lang='lat' dir='ltr'>renero</span> <span class='ocrx_word' id='word_1_100' title='bbox 196 1945 226 2001; x_wconf 88' lang='lat' dir='ltr'>et</span> <span class='ocrx_word' id='word_1_101' title='bbox 248 1961 390 2018; x_wconf 89' lang='lat' dir='ltr'>occupare</span> <span class='ocrx_word' id='word_1_102' title='bbox 414 1944 560 2018; x_wconf 88' lang='lat' dir='ltr'>quendam</span> <span class='ocrx_word' id='word_1_103' title='bbox 583 1945 777 2003; x_wconf 89' lang='lat' dir='ltr'>maerentium</span> <span class='ocrx_word' id='word_1_104' title='bbox 804 1945 1005 2022; x_wconf 84' lang='lat' dir='ltr'>principatum</span> <span class='ocrx_word' id='word_1_105' title='bbox 1031 1947 1111 2005; x_wconf 84' lang='lat' dir='ltr'>diffe-</span> 
     </span>
     <span class='ocr_line' id='line_1_17' title="bbox 99 2033 1112 2111; baseline 0.003 -20"><span class='ocrx_word' id='word_1_106' title='bbox 99 2034 200 2091; x_wconf 87' lang='lat' dir='ltr'>rentia</span> <span class='ocrx_word' id='word_1_107' title='bbox 223 2050 317 2090; x_wconf 85' lang='lat' dir='ltr'>novae</span> <span class='ocrx_word' id='word_1_108' title='bbox 340 2033 519 2091; x_wconf 83' lang='lat' dir='ltr'>calamitatis</span> <span class='ocrx_word' id='word_1_109' title='bbox 544 2033 663 2092; x_wconf 84' lang='lat' dir='ltr'>affectat</span> <span class='ocrx_word' id='word_1_110' title='bbox 685 2052 761 2108; x_wconf 92' lang='lat' dir='ltr'>quae</span> <span class='ocrx_word' id='word_1_111' title='bbox 784 2035 848 2093; x_wconf 89' lang='lat' dir='ltr'>sola</span> <span class='ocrx_word' id='word_1_112' title='bbox 871 2036 1002 2094; x_wconf 90' lang='lat' dir='ltr'>omnium</span> <span class='ocrx_word' id='word_1_113' title='bbox 1023 2055 1112 2111; x_wconf 90' lang='lat' dir='ltr'>supra</span> 
     </span>
     <span class='ocr_line' id='line_1_18' title="bbox 99 2121 1111 2198; baseline 0.002 -18"><span class='ocrx_word' id='word_1_114' title='bbox 99 2122 191 2180; x_wconf 87' lang='lat' dir='ltr'>fidem</span> <span class='ocrx_word' id='word_1_115' title='bbox 213 2121 317 2179; x_wconf 82' lang='lat' dir='ltr'>infelix</span> <span class='ocrx_word' id='word_1_116' title='bbox 339 2122 371 2178; x_wconf 91' lang='lat' dir='ltr'>in</span> <span class='ocrx_word' id='word_1_117' title='bbox 394 2140 453 2180; x_wconf 91' lang='lat' dir='ltr'>uno</span> <span class='ocrx_word' id='word_1_118' title='bbox 480 2121 542 2180; x_wconf 89' lang='lat' dir='ltr'>filio</span> <span class='ocrx_word' id='word_1_119' title='bbox 564 2121 625 2179; x_wconf 90' lang='lat' dir='ltr'>iam</span> <span class='ocrx_word' id='word_1_120' title='bbox 652 2122 778 2180; x_wconf 89' lang='lat' dir='ltr'>alteram</span> <span class='ocrx_word' id='word_1_121' title='bbox 805 2126 920 2198; x_wconf 87' lang='lat' dir='ltr'>patitur</span> <span class='ocrx_word' id='word_1_122' title='bbox 945 2124 1111 2183; x_wconf 86' lang='lat' dir='ltr'>orbitatem.</span> 
     </span>
     <span class='ocr_line' id='line_1_19' title="bbox 100 2210 1111 2287; baseline 0.003 -20"><span class='ocrx_word' id='word_1_123' title='bbox 100 2211 233 2287; x_wconf 84' lang='lat' dir='ltr'>priorem</span> <span class='ocrx_word' id='word_1_124' title='bbox 256 2210 374 2284; x_wconf 90' lang='lat' dir='ltr'>quidem</span> <span class='ocrx_word' id='word_1_125' title='bbox 396 2210 489 2283; x_wconf 90' lang='lat' dir='ltr'>illam,</span> <span class='ocrx_word' id='word_1_126' title='bbox 512 2213 547 2268; x_wconf 91' lang='lat' dir='ltr'>ut</span> <span class='ocrx_word' id='word_1_127' title='bbox 563 2229 754 2287; x_wconf 89' lang='lat' dir='ltr'>communem</span> <span class='ocrx_word' id='word_1_128' title='bbox 777 2214 882 2271; x_wconf 88' lang='lat' dir='ltr'>ceteris</span> <span class='ocrx_word' id='word_1_129' title='bbox 903 2214 934 2270; x_wconf 87' lang='lat' dir='ltr'>ct</span> <span class='ocrx_word' id='word_1_130' title='bbox 955 2213 1017 2271; x_wconf 79' lang='lat' dir='ltr'>fato</span> <span class='ocrx_word' id='word_1_131' title='bbox 1037 2215 1111 2272; x_wconf 90' lang='lat' dir='ltr'>acci·</span> 
     </span>
     <span class='ocr_line' id='line_1_20' title="bbox 102 2300 1112 2375; baseline 0.002 -17"><span class='ocrx_word' id='word_1_132' title='bbox 102 2300 230 2375; x_wconf 88' lang='lat' dir='ltr'>dentem,</span> <span class='ocrx_word' id='word_1_133' title='bbox 254 2300 360 2358; x_wconf 80' lang='lat' dir='ltr'>fortius</span> <span class='ocrx_word' id='word_1_134' title='bbox 383 2302 533 2375; x_wconf 89' lang='lat' dir='ltr'>utcunque</span> <span class='ocrx_word' id='word_1_135' title='bbox 555 2300 711 2358; x_wconf 83' lang='lat' dir='ltr'>tolerabat.</span> <span class='ocrx_word' id='word_1_136' title='bbox 748 2319 818 2358; x_wconf 91' lang='lat' dir='ltr'>nam</span> <span class='ocrx_word' id='word_1_137' title='bbox 842 2304 872 2359; x_wconf 90' lang='lat' dir='ltr'>et</span> <span class='ocrx_word' id='word_1_138' title='bbox 894 2302 929 2359; x_wconf 88' lang='lat' dir='ltr'>de</span> <span class='ocrx_word' id='word_1_139' title='bbox 952 2301 1014 2360; x_wconf 91' lang='lat' dir='ltr'>filio</span> <span class='ocrx_word' id='word_1_140' title='bbox 1036 2302 1112 2360; x_wconf 88' lang='lat' dir='ltr'>nihil</span> 
     </span>
     <span class='ocr_line' id='line_1_21' title="bbox 56 2388 1113 2465; baseline -0.001 -15"><span class='ocrx_word' id='word_1_141' title='bbox 56 2410 87 2450; x_wconf 77' lang='lat' dir='ltr'>ao</span> <span class='ocrx_word' id='word_1_142' title='bbox 102 2388 188 2447; x_wconf 88' lang='lat' dir='ltr'>aliud</span> <span class='ocrx_word' id='word_1_143' title='bbox 209 2388 379 2463; x_wconf 82' lang='lat' dir='ltr'>perdiderat</span> <span class='ocrx_word' id='word_1_144' title='bbox 400 2388 508 2446; x_wconf 89' lang='lat' dir='ltr'>misera</span> <span class='ocrx_word' id='word_1_145' title='bbox 530 2390 589 2448; x_wconf 89' lang='lat' dir='ltr'>nisi</span> <span class='ocrx_word' id='word_1_146' title='bbox 607 2389 677 2464; x_wconf 86' lang='lat' dir='ltr'>dies,</span> <span class='ocrx_word' id='word_1_147' title='bbox 700 2407 753 2447; x_wconf 91' lang='lat' dir='ltr'>neo</span> <span class='ocrx_word' id='word_1_148' title='bbox 771 2392 832 2447; x_wconf 91' lang='lat' dir='ltr'>iam</span> <span class='ocrx_word' id='word_1_149' title='bbox 849 2389 983 2465; x_wconf 82' lang='lat' dir='ltr'>timebat,</span> <span class='ocrx_word' id='word_1_150' title='bbox 1006 2410 1042 2448; x_wconf 91' lang='lat' dir='ltr'>ne</span> <span class='ocrx_word' id='word_1_151' title='bbox 1060 2391 1113 2449; x_wconf 90' lang='lat' dir='ltr'>ille</span> 
     </span>
     <span class='ocr_line' id='line_1_22' title="bbox 102 2477 1112 2554; baseline 0.002 -18"><span class='ocrx_word' id='word_1_152' title='bbox 102 2496 163 2553; x_wconf 89' lang='lat' dir='ltr'>qno</span> <span class='ocrx_word' id='word_1_153' title='bbox 181 2477 343 2552; x_wconf 86' lang='lat' dir='ltr'>fruebatur,</span> <span class='ocrx_word' id='word_1_154' title='bbox 365 2477 442 2535; x_wconf 89' lang='lat' dir='ltr'>mori</span> <span class='ocrx_word' id='word_1_155' title='bbox 464 2479 571 2552; x_wconf 85' lang='lat' dir='ltr'>posset.</span> <span class='ocrx_word' id='word_1_156' title='bbox 608 2478 776 2553; x_wconf 91' lang='lat' dir='ltr'>planctibus</span> <span class='ocrx_word' id='word_1_157' title='bbox 800 2480 996 2554; x_wconf 83' lang='lat' dir='ltr'>lacrimisque,</span> <span class='ocrx_word' id='word_1_158' title='bbox 1019 2499 1112 2554; x_wconf 91' lang='lat' dir='ltr'>paene</span> 
     </span>
     <span class='ocr_line' id='line_1_23' title="bbox 103 2565 1113 2644; baseline 0.002 -19"><span class='ocrx_word' id='word_1_159' title='bbox 103 2565 238 2642; x_wconf 89' lang='lat' dir='ltr'>improbe</span> <span class='ocrx_word' id='word_1_160' title='bbox 270 2566 406 2641; x_wconf 85' lang='lat' dir='ltr'>dixerim,</span> <span class='ocrx_word' id='word_1_161' title='bbox 438 2568 557 2642; x_wconf 88' lang='lat' dir='ltr'>parcius</span> <span class='ocrx_word' id='word_1_162' title='bbox 588 2567 736 2641; x_wconf 89' lang='lat' dir='ltr'>utebatur,</span> <span class='ocrx_word' id='word_1_163' title='bbox 768 2587 804 2625; x_wconf 89' lang='lat' dir='ltr'>ne</span> <span class='ocrx_word' id='word_1_164' title='bbox 836 2568 892 2627; x_wconf 90' lang='lat' dir='ltr'>sibi</span> <span class='ocrx_word' id='word_1_165' title='bbox 921 2568 1113 2644; x_wconf 85' lang='lat' dir='ltr'>permittebat</span> 
     </span>
     <span class='ocr_line' id='line_1_24' title="bbox 104 2655 1111 2733; baseline 0.003 -20"><span class='ocrx_word' id='word_1_166' title='bbox 104 2655 189 2714; x_wconf 90' lang='lat' dir='ltr'>dolor</span> <span class='ocrx_word' id='word_1_167' title='bbox 218 2655 319 2733; x_wconf 83' lang='lat' dir='ltr'>lugere</span> <span class='ocrx_word' id='word_1_168' title='bbox 346 2656 519 2714; x_wconf 83' lang='lat' dir='ltr'>venientem.</span> <span class='ocrx_word' id='word_1_169' title='bbox 565 2675 643 2714; x_wconf 90' lang='lat' dir='ltr'>nunc</span> <span class='ocrx_word' id='word_1_170' title='bbox 666 2655 810 2716; x_wconf 87' lang='lat' dir='ltr'>destituta</span> <span class='ocrx_word' id='word_1_171' title='bbox 838 2658 960 2731; x_wconf 81' lang='lat' dir='ltr'>solaciO,</span> <span class='ocrx_word' id='word_1_172' title='bbox 991 2676 1111 2733; x_wconf 89' lang='lat' dir='ltr'>persua-</span> 
     </span>
    </p>
   </div>
   <div class='ocr_carea' id='block_1_5' title="bbox 102 2806 1113 3021">
    <p class='ocr_par' dir='ltr' id='par_1_8' title="bbox 102 2806 1113 3021">
     <span class='ocr_line' id='line_1_25' title="bbox 102 2806 1113 2878; baseline 0.001 -16"><span class='ocrx_word' id='word_1_173' title='bbox 102 2807 177 2862; x_wconf 84' lang='lat' dir='ltr'>ticus</span> <span class='ocrx_word' id='word_1_174' title='bbox 201 2808 306 2875; x_wconf 71' lang='lat' dir='ltr'>(atinio)</span> <span class='ocrx_word' id='word_1_175' title='bbox 325 2817 352 2860; x_wconf 84' lang='lat' dir='ltr'><strong><em>P</em></strong></span> <span class='ocrx_word' id='word_1_176' title='bbox 421 2806 457 2858; x_wconf 87' lang='grc' dir='ltr'>Μ.</span> <span class='ocrx_word' id='word_1_177' title='bbox 478 2806 496 2858; x_wconf 86' lang='lat' dir='ltr'>f.</span> <span class='ocrx_word' id='word_1_178' title='bbox 517 2806 685 2871; x_wconf 82' lang='lat' dir='ltr'>Quintiliani</span> <span class='ocrx_word' id='word_1_179' title='bbox 704 2807 852 2863; x_wconf 86' lang='lat' dir='ltr'>Gladiator</span> <span class='ocrx_word' id='word_1_180' title='bbox 875 2809 990 2877; x_wconf 84' lang='lat' dir='ltr'>explicit</span> <span class='ocrx_word' id='word_1_181' title='bbox 1009 2809 1113 2878; x_wconf 83' lang='lat' dir='ltr'>incipit</span> 
     </span>
     <span class='ocr_line' id='line_1_26' title="bbox 102 2878 368 2933; baseline -0.011 0"><span class='ocrx_word' id='word_1_182' title='bbox 102 2878 320 2933; x_wconf 81' lang='lat' dir='ltr'>matemathicus</span> <span class='ocrx_word' id='word_1_183' title='bbox 342 2887 368 2930; x_wconf 75' lang='lat' dir='ltr'>S.</span> 
     </span>
     <span class='ocr_line' id='line_1_27' title="bbox 176 2948 1112 3021; baseline 0.003 -19"><span class='ocrx_word' id='word_1_184' title='bbox 176 2949 286 3002; x_wconf 82' lang='lat' dir='ltr'>3Male</span> <span class='ocrx_word' id='word_1_185' title='bbox 302 2958 329 3001; x_wconf 88' lang='lat' dir='ltr'><em>B</em></span> <span class='ocrx_word' id='word_1_186' title='bbox 346 2948 385 3018; x_wconf 83' lang='lat' dir='ltr'>(M</span> <span class='ocrx_word' id='word_1_187' title='bbox 404 2950 535 3004; x_wconf 72' lang='lat' dir='ltr'>riciniator</span> <span class='ocrx_word' id='word_1_188' title='bbox 548 2951 645 3018; x_wconf 76' lang='lat' dir='ltr'>pinxit</span> <span class='ocrx_word' id='word_1_189' title='bbox 662 2954 697 3021; x_wconf 84' lang='grc' dir='ltr'>Β)</span> <span class='ocrx_word' id='word_1_190' title='bbox 712 2960 744 3003; x_wconf 83' lang='lat' dir='ltr'><em>M</em></span> <span class='ocrx_word' id='word_1_191' title='bbox 802 2952 833 3004; x_wconf 90' lang='lat' dir='ltr'>fit</span> <span class='ocrx_word' id='word_1_192' title='bbox 850 2961 927 3004; x_wconf 75' lang='lat' dir='ltr'>Bm</span> <span class='ocrx_word' id='word_1_193' title='bbox 996 2953 1112 3005; x_wconf 83' lang='lat' dir='ltr'>4nocte</span> 
     </span>
    </p>
   </div>
   <div class='ocr_carea' id='block_1_6' title="bbox 101 3025 1112 3107">
    <p class='ocr_par' dir='ltr' id='par_1_9' title="bbox 101 3025 1112 3107">
     <span class='ocr_line' id='line_1_28' title="bbox 101 3025 1112 3107; baseline -0.003 -12"><span class='ocrx_word' id='word_1_194' title='bbox 101 3057 154 3095; x_wconf 73' lang='lat' dir='ltr'>ma.</span> <span class='ocrx_word' id='word_1_195' title='bbox 174 3048 195 3090; x_wconf 77' lang='lat' dir='ltr'>r</span> <span class='ocrx_word' id='word_1_196' title='bbox 244 3044 338 3107; x_wconf 80' lang='lat' dir='ltr'>apost</span> <span class='ocrx_word' id='word_1_197' title='bbox 354 3038 532 3091; x_wconf 62' lang='lat' dir='ltr'>occasionis</span> <span class='ocrx_word' id='word_1_198' title='bbox 551 3039 613 3092; x_wconf 79' lang='lat' dir='ltr'>auo.</span> <span class='ocrx_word' id='word_1_199' title='bbox 630 3049 661 3091; x_wconf 70' lang='lat' dir='ltr'>n</span> <span class='ocrx_word' id='word_1_200' title='bbox 681 3028 809 3093; x_wconf 73' lang='lat' dir='ltr'>cremo</span> <span class='ocrx_word' id='word_1_201' title='bbox 836 3028 918 3094; x_wconf 74' lang='lat' dir='ltr'>aad.</span> <span class='ocrx_word' id='word_1_202' title='bbox 938 3025 1034 3094; x_wconf 77' lang='lat' dir='ltr'>inuri&gt;</span> <span class='ocrx_word' id='word_1_203' title='bbox 1059 3039 1112 3093; x_wconf 83' lang='lat' dir='ltr'>sn-</span> 
     </span>
    </p>
   </div>
   <div class='ocr_carea' id='block_1_7' title="bbox 101 3115 1113 3339">
    <p class='ocr_par' dir='ltr' id='par_1_10' title="bbox 101 3115 1113 3339">
     <span class='ocr_line' id='line_1_29' title="bbox 101 3115 1113 3198; baseline 0.002 -19"><span class='ocrx_word' id='word_1_204' title='bbox 101 3116 250 3182; x_wconf 73' lang='lat' dir='ltr'><strong>PVLCRV</strong></span> <span class='ocrx_word' id='word_1_205' title='bbox 268 3115 454 3180; x_wconf 75' lang='lat' dir='ltr'>icANTAT&#39;V</span> <span class='ocrx_word' id='word_1_206' title='bbox 477 3133 502 3181; x_wconf 86' lang='lat' dir='ltr'>et</span> <span class='ocrx_word' id='word_1_207' title='bbox 525 3130 558 3181; x_wconf 77' lang='lat' dir='ltr'>ia</span> <span class='ocrx_word' id='word_1_208' title='bbox 579 3145 663 3198; x_wconf 75' lang='lat' dir='ltr'>marq.</span> <span class='ocrx_word' id='word_1_209' title='bbox 684 3128 775 3182; x_wconf 83' lang='lat' dir='ltr'>Causa</span> <span class='ocrx_word' id='word_1_210' title='bbox 793 3129 830 3182; x_wconf 86' lang='lat' dir='ltr'>XI</span> <span class='ocrx_word' id='word_1_211' title='bbox 853 3130 939 3183; x_wconf 79' lang='lat' dir='ltr'>micio</span> <span class='ocrx_word' id='word_1_212' title='bbox 1009 3128 1113 3197; x_wconf 88' lang='lat' dir='ltr'>Incipit</span> 
     </span>
     <span class='ocr_line' id='line_1_30' title="bbox 102 3199 718 3269; baseline 0.002 -17"><span class='ocrx_word' id='word_1_213' title='bbox 102 3199 264 3267; x_wconf 83' lang='lat' dir='ltr'>sepulcrum</span> <span class='ocrx_word' id='word_1_214' title='bbox 282 3199 457 3252; x_wconf 89' lang='lat' dir='ltr'>incantatum</span> <span class='ocrx_word' id='word_1_215' title='bbox 475 3200 571 3268; x_wconf 77' lang='lat' dir='ltr'>(minio</span> <span class='ocrx_word' id='word_1_216' title='bbox 584 3202 671 3269; x_wconf 83' lang='lat' dir='ltr'>picta)</span> <span class='ocrx_word' id='word_1_217' title='bbox 690 3210 718 3253; x_wconf 84' lang='lat' dir='ltr'><em>P</em></span> 
     </span>
     <span class='ocr_line' id='line_1_31' title="bbox 177 3269 1112 3339; baseline 0.002 -16"><span class='ocrx_word' id='word_1_218' title='bbox 177 3276 192 3323; x_wconf 78' lang='lat'>&#39;1</span> <span class='ocrx_word' id='word_1_219' title='bbox 212 3269 356 3334; x_wconf 80' lang='lat' dir='ltr'>Quamvis:</span> <span class='ocrx_word' id='word_1_220' title='bbox 376 3269 399 3334; x_wconf 82' lang='lat' dir='ltr'>Q</span> <span class='ocrx_word' id='word_1_221' title='bbox 417 3272 504 3324; x_wconf 78' lang='lat' dir='ltr'>minio</span> <span class='ocrx_word' id='word_1_222' title='bbox 517 3272 623 3339; x_wconf 78' lang='lat' dir='ltr'>pictam</span> <span class='ocrx_word' id='word_1_223' title='bbox 640 3280 668 3323; x_wconf 98' lang='grc' dir='ltr'><em>Β</em></span> <span class='ocrx_word' id='word_1_224' title='bbox 727 3277 743 3324; x_wconf 90' lang='lat'>8</span> <span class='ocrx_word' id='word_1_225' title='bbox 761 3273 838 3324; x_wconf 85' lang='lat' dir='ltr'>vota:</span> <span class='ocrx_word' id='word_1_226' title='bbox 858 3287 922 3325; x_wconf 88' lang='lat' dir='ltr'>vero</span> <span class='ocrx_word' id='word_1_227' title='bbox 937 3281 964 3325; x_wconf 83' lang='lat' dir='ltr'><em>B</em></span> <span class='ocrx_word' id='word_1_228' title='bbox 1022 3270 1052 3324; x_wconf 91' lang='lat' dir='ltr'>in</span> <span class='ocrx_word' id='word_1_229' title='bbox 1070 3287 1112 3326; x_wconf 83' lang='lat' dir='ltr'>se-</span> 
     </span>
    </p>
   </div>
   <div class='ocr_carea' id='block_1_8' title="bbox 102 3341 1112 3485">
    <p class='ocr_par' dir='ltr' id='par_1_11' title="bbox 102 3341 1112 3485">
     <span class='ocr_line' id='line_1_32' title="bbox 102 3341 1091 3415; baseline 0.001 -20"><span class='ocrx_word' id='word_1_230' title='bbox 102 3343 246 3395; x_wconf 88' lang='lat' dir='ltr'>nectutem</span> <span class='ocrx_word' id='word_1_231' title='bbox 265 3358 314 3395; x_wconf 85' lang='lat' dir='ltr'>om.</span> <span class='ocrx_word' id='word_1_232' title='bbox 330 3350 357 3393; x_wconf 89' lang='grc' dir='ltr'><em>Β</em></span> <span class='ocrx_word' id='word_1_233' title='bbox 428 3341 520 3394; x_wconf 88' lang='lat' dir='ltr'>9fore</span> <span class='ocrx_word' id='word_1_234' title='bbox 540 3354 560 3394; x_wconf 80' lang='grc'><strong>0</strong></span> <span class='ocrx_word' id='word_1_235' title='bbox 621 3348 653 3395; x_wconf 75' lang='lat'>12</span> <span class='ocrx_word' id='word_1_236' title='bbox 673 3345 751 3396; x_wconf 82' lang='lat' dir='ltr'>noto:</span> <span class='ocrx_word' id='word_1_237' title='bbox 771 3344 861 3395; x_wconf 86' lang='lat' dir='ltr'>totum</span> <span class='ocrx_word' id='word_1_238' title='bbox 878 3352 903 3396; x_wconf 77' lang='lat' dir='ltr'><em>J</em></span> <span class='ocrx_word' id='word_1_239' title='bbox 967 3348 1000 3396; x_wconf 79' lang='grc'>11</span> <span class='ocrx_word' id='word_1_240' title='bbox 1019 3342 1091 3415; x_wconf 84' lang='lat' dir='ltr'>&lt;aut</span> 
     </span>
     <span class='ocr_line' id='line_1_33' title="bbox 102 3343 1112 3485; baseline 0.002 -20"><span class='ocrx_word' id='word_1_241' title='bbox 102 3412 166 3483; x_wconf 88' lang='lat' dir='ltr'>pios</span> <span class='ocrx_word' id='word_1_242' title='bbox 189 3411 217 3479; x_wconf 69' lang='lat'>,93</span> <span class='ocrx_word' id='word_1_243' title='bbox 237 3415 287 3466; x_wconf 88' lang='lat' dir='ltr'>aut</span> <span class='ocrx_word' id='word_1_244' title='bbox 304 3411 435 3480; x_wconf 88' lang='lat' dir='ltr'>pulchros</span> <span class='ocrx_word' id='word_1_245' title='bbox 455 3414 537 3468; x_wconf 70' lang='lat' dir='ltr'>Klotz</span> <span class='ocrx_word' id='word_1_246' title='bbox 596 3413 821 3482; x_wconf 68' lang='lat' dir='ltr'>superuiueret:</span> <span class='ocrx_word' id='word_1_247' title='bbox 841 3415 915 3467; x_wconf 74' lang='lat' dir='ltr'>crat</span> <span class='ocrx_word' id='word_1_248' title='bbox 932 3416 964 3468; x_wconf 81' lang='lat' dir='ltr'>ia</span> <span class='ocrx_word' id='word_1_249' title='bbox 981 3431 1035 3469; x_wconf 74' lang='lat' dir='ltr'>roo.</span> <span class='ocrx_word' id='word_1_250' title='bbox 1050 3343 1112 3485; x_wconf 45' lang='lat' dir='ltr'>(og</span> 
     </span>
    </p>
   </div>
   <div class='ocr_carea' id='block_1_9' title="bbox 103 3501 448 3589">
    <p class='ocr_par' dir='ltr' id='par_1_12' title="bbox 103 3501 448 3589">
     <span class='ocr_line' id='line_1_34' title="bbox 103 3501 448 3589; baseline 0.003 -17"><span class='ocrx_word' id='word_1_251' title='bbox 103 3528 133 3573; x_wconf 88' lang='grc' dir='ltr'><em>Β</em></span> <span class='ocrx_word' id='word_1_252' title='bbox 203 3525 235 3572; x_wconf 82' lang='lat'>21</span> <span class='ocrx_word' id='word_1_253' title='bbox 259 3501 402 3589; x_wconf 72' lang='lat' dir='ltr'>pladtibus</span> <span class='ocrx_word' id='word_1_254' title='bbox 420 3530 448 3573; x_wconf 93' lang='grc' dir='ltr'><em>Β</em></span> 
     </span>
    </p>
   </div>
   <div class='ocr_carea' id='block_1_10' title="bbox 0 0 1210 3840">
    <p class='ocr_par' dir='ltr' id='par_1_13' title="bbox 0 0 1210 3840">
     <span class='ocr_line' id='line_1_35' title="bbox 0 0 1210 3840; baseline 0 0"><span class='ocrx_word' id='word_1_255' title='bbox 0 0 1210 3840; x_wconf 95' lang='lat' dir='ltr'> </span> 
     </span>
    </p>
   </div>
  </div>
 </body>
</html>
