2408 3840
560 583 587 660 I.

339 742 512 819 PARIES
538 743 807 820 PALMATVS.

66 941 196 1019 Quidam
225 944 273 1002 eui
302 945 368 1017 erat
391 943 473 1017 filius
491 953 604 1002 'coecus
634 960 717 1019 quun
745 943 875 1025 leredem
903 945 1080 1014 iinlitmrot,

70 1103 78 1114 ἱ
108 1033 229 1114 inducit
250 1032 296 1094 illi
317 1049 470 1093 umercom
492 1035 679 1106 iuuenemque
698 1033 732 1091 iu
748 1036 857 1092 secreto
875 1034 977 1093 domus
989 1022 1084 1108 poem*

43 1142 54 1182 a
108 1123 245 1194 seposuit.
290 1123 317 1181 is
339 1125 437 1190 noctu,
464 1122 535 1180 dum
557 1123 590 1179 iu
611 1121 742 1181 cubiade
765 1140 830 1181 cum
852 1139 941 1182 umore
963 1125 1076 1193 iaceret,

110 1212 222 1269 occisus
250 1212 291 1269 est
316 1211 504 1285 inuentusque
524 1213 641 1285 postem
666 1210 713 1269 die
734 1211 842 1270 holcus
863 1212 997 1286 alodium
1018 1213 1076 1285 filii
1116 1277 1118 1283 ,

109 1299 277 1377 defiemn
265 1317 299 1358 m
322 1300 441 1359 aulum
457 1301 572 1374 pariete
594 1300 666 1358 ob
653 1300 748 1381 iusim
771 1299 811 1359 od
832 1299 891 1373 fito
912 1302 1076 1360 cubiculum
1115 1311 1118 1316 ·

109 1389 239 1462 vestiatis
259 1388 381 1463 palmae
408 1391 564 1448 cruentato
609 1391 747 1449 mousom
772 1405 803 1449 se
828 1391 952 1450 inuicem
974 1408 1076 1451 coenas

109 1480 137 1536 et
157 1493 291 1536 nouerca.

31 1676 53 1716 ιο
90 1699 104 1728 s
132 1653 304 1713 Simonis
326 1653 596 1729 innocentissimus,
622 1653 748 1730 iudices,
775 1653 820 1714 uti
847 1655 938 1715 vellet
960 1655 1109 1715 ambiml

64 1744 255 1804 hisfissimae
269 1746 271 1751 '
287 1743 480 1818 calamitatis,
512 1745 630 1821 poterat
661 1743 791 1821 allegare
822 1744 906 1804 vobis
936 1747 1075 1805 amissam

64 1850 132 1892 cum
159 1832 252 1890 oculis
280 1832 496 1910 cogitationum
523 1833 654 1890 omnium
681 1833 893 1893 temen'tatem:
925 1833 976 1894 sed
1009 1843 1080 1896 eum'

64 1920 219 1981 ostendere
242 1919 443 1980 innocentiam
465 1939 549 1979 suam
570 1920 701 1981 moribus
722 1923 808 1981 malit
827 1941 916 1997 quam
935 1919 1074 1999 adversis,

62 2029 160 2087 neque
188 2011 310 2088 pietatis
333 2011 647 2087 nequeconscientiae
662 2029 741 2093 'suae
764 2029 884 2090 gravem
906 2012 983 2072 ferre
1007 2001 1079 2070 oon-³

28 2121 50 2160 15
63 2099 221 2158 tumeliam
242 2101 350 2176 potest,
373 2099 408 2156 ut
424 2099 617 2175 panieidium
635 2118 694 2157 non
712 2099 816 2158 fecisse
833 2099 971 2159 videatur
987 2096 1079 2160 bene-²

61 2187 130 2248 ficio
154 2187 315 2266 caecitatis.
357 2206 447 2265 quare
470 2189 564 2268 igitur
586 2207 645 2248 non
667 2185 752 2264 petit
774 2189 917 2247 utillum
934 2176 1079 2249 miserum

134 2375 180 2430 De
198 2375 278 2430 titulo
296 2375 459 2430 collectionis
478 2374 704 2430 declamationum
721 2374 815 2441 confer
829 2376 1036 2444 praefationem.
1077 2352 1079 2356 λ

135 2453 151 2499 2
171 2446 271 2500 titulus
289 2447 392 2502 decet
380 2463 411 2500 m
423 2455 452 2499 Β
465 2439 569 2516 (Parios
583 2445 727 2501 Palmatus
742 2444 910 2501 declamatio
924 2447 976 2502 Iet
991 2464 1072 2518 orou-

61 2525 183 2573 memtum
205 2517 269 2573 odd
288 2534 361 2572 mou.
379 2519 482 2572 soeculi
500 2517 592 2586 XIX)
667 2516 757 2571 ITEM
778 2516 827 2570 DII
851 2514 940 2573 OECO
963 2518 1004 2571 IN
1026 2518 1073 2574 LI

61 2605 156 2661 MINE
175 2605 266 2661 ALIT.
286 2604 419 2659 INCIPIT
436 2585 565 2661 PARIES
584 2592 752 2659 PALMAT⁹
768 2607 854 2664 minio
871 2608 974 2689 pictum
988 2616 1021 2660 Β

135 2683 151 2730 3
175 2679 373 2747 Aromueuium
396 2679 545 2746 composuit
533 2677 732 2733 tLoureutiue
754 2677 851 2746 Volla;
877 2677 972 2733 uide'
960 2694 992 2732 m
1015 2678 1076 2735 cod

61 2749 186 2807 Seldenee'
201 2752 240 2804 22
257 2749 339 2815 finem
357 2748 562 2802 declamationis
580 2749 629 2803 11.-

133 2820 284 2900 moriturue
304 2817 411 2873 absolvi
429 2818 509 2882 ΒΑΗ.
523 2819 609 2873 VAL.

134 2890 175 2945 sic
194 2907 245 2961 ego
264 2890 414 2945 formarem
432 2890 540 2945 thema
538 2889 687 2960 sequentia
706 2889 927 2947 declamationis.
956 2889 1071 2959 quidam

133 2962 180 3016 cui
199 2961 351 3016 eratfilius
371 2977 451 3014 cecus
469 2968 516 3016 eat.
544 2963 579 3028 cf.
598 2960 676 3016 Dess.
692 2979 721 3030 p.
737 2965 780 3016 55.

61 3034 133 3088 deest
160 3039 351 3118 ornamentum
376 3033 408 3087 iu
440 3053 458 3086 u
480 3032 601 3103 <Thema
624 3032 699 3101 quod
723 3033 849 3117 superius
872 3035 916 3102 ol)
938 3044 995 3098 cro
1040 3032 1072 3087 de

60 3106 127 3160 aliis
150 3106 318 3175 oroumeulia
339 3105 371 3158 iu
388 3103 463 3158 codd.
487 3104 680 3160 recentioribus
702 3104 895 3161 declamationi
912 3105 1071 3176 praemissis

61 3178 95 3244 os.
110 3176 190 3231 Dese.
199 3193 232 3259 p.
247 3179 290 3229 49.
307 3179 350 3229 50.
367 3179 408 3230 51.
424 3178 467 3228 54.
487 3174 525 3230 H.
537 3178 626 3244 mit.
1161 3237 1164 3244 ⁴

134 3252 168 3300 10
183 3265 251 3300 s1—
216 3245 345 3300 —vellet
358 3262 408 3300 om.
418 3254 453 3311 Β
468 3194 560 3300 odel'p
547 3263 619 3302 uaou.
629 3246 731 3301 saecun
740 3246 826 3300 XIX
865 3252 896 3300 11
913 3245 983 3314 allig
984 3261 1031 3300 are
1044 3254 1073 3298 Β

63 3324 95 3371 14
118 3318 235 3387 pietatis
254 3339 289 3371 a:
312 3317 415 3385 pietati
435 3316 514 3384 oar>
571 3322 604 3371 16
624 3316 715 3387 igitur
732 3333 782 3371 om.
801 3331 833 3383 er
903 3319 936 3372 ut
953 3264 1104 3389 {gillam

63 3394 90 3457 (6
103 3389 145 3444 oel
160 3393 177 3444 7
191 3391 242 3444 litt.
257 3391 304 3459 er.)
323 3398 355 3442 Β

896 3483 932 3541 ᾗ
