2408 3840
360 105 766 202 nncamnno'nn-re.
1006 148 1072 212 205

59 319 130 375 tuae
153 316 312 390 succurrit,
335 316 461 391 ideoque
484 320 574 392 putas
596 336 657 375 non
679 317 780 377 venire
802 318 901 391 illum,
925 318 996 392 quia
1019 337 1073 378 nec

59 407 128 464 ante
151 404 304 480 veniebat,
327 407 398 480 quia
420 424 474 465 nec
500 406 613 464 factum
639 407 684 465 est
711 405 838 481 aliquid,
865 406 897 464 in
920 425 978 480 quo
1003 426 1071 466 avo·

59 489 189 554 cureris?
236 494 292 552 hoc
314 494 379 569 ipso
402 493 509 570 incipit
530 497 627 553 mater
649 495 706 554 sibi
733 495 888 571 gratulari.
935 491 990 554 ‘ita
1013 514 1072 555 non

58 578 199 656 tenetur',
225 582 326 658 inquit
351 583 416 658 ille,
440 579 510 643 ‘non
537 584 690 659 premitur,
712 585 795 642 nullo
819 584 961 658 carmine,
989 585 1072 644 nullo

30 672 191 735 sinclusus
215 674 260 731 est
281 667 380 730 ferro'
421 675 571 733 removete
594 691 664 749 ergo
688 673 796 748 omnia,
820 674 850 731 et
872 673 1071 749 interrogabo.

59 780 113 838 ego
138 763 241 819 autem
263 760 407 819 scelerata
429 764 492 819 tam
516 762 574 819 cito
598 761 718 835 credidi,
741 763 786 819 ita
808 780 867 820 non
889 762 941 820 ille
965 762 1002 820 ad
1025 782 1072 821 me

57 852 175 909 veniret
203 850 316 909 solutus
340 851 370 908 et
396 848 492 908 liber?
518 868 578 908 non
602 850 639 908 ad
660 850 715 909 hos
739 851 853 924 oculos,
875 870 935 909 non
958 851 996 908 ad
1018 851 1072 910 hos

57 941 234 1015 properaret
257 937 429 1014 amplexus?
467 939 586 1014 quando
609 939 688 997 enim
710 959 757 997 me
784 940 899 998 iuvenis
927 941 991 1015 ipsc
1014 940 1073 998 nisi

57 1028 194 1101 flentem,
217 1028 334 1103 quando
357 1047 417 1087 non
439 1028 564 1087 lividum
586 1032 689 1104 pectus
713 1031 743 1086 et
765 1030 977 1104 sanguinantes
996 1029 1073 1087 vidit

20 1140 45 1181 ro
57 1114 208 1176 lacertos?
232 1117 349 1191 quando
367 1136 428 1176 non
446 1117 565 1175 erubuit
582 1118 673 1176 matri
691 1116 794 1177 fecisse
812 1115 977 1176 terrorem?
1008 1120 1072 1176 arte

58 1204 193 1264 cluditur
214 1207 311 1279 miser,
339 1208 403 1264 arte
425 1205 578 1264 retinetur.
625 1206 765 1281 quidvis
789 1206 920 1265 carmina
944 1207 1072 1282 amplius

58 1295 116 1353 tibi
134 1292 307 1369 praestent?
329 1295 489 1354 effecerunt
507 1294 587 1370 quod
604 1297 842 1370 repromiserant.
879 1295 988 1355 desinis
1007 1316 1071 1354 eru-

57 1383 177 1442 bescere
199 1383 261 1442 iam
284 1383 363 1459 quod
384 1384 479 1442 filium
501 1403 561 1442 non
583 1382 687 1443 vides?
812 1378 814 1383 ’

127 1471 170 1529 At
192 1473 241 1546 tu,
264 1472 348 1532 cuius
370 1472 402 1530 in
424 1473 505 1549 leges
528 1472 559 1530 oi
582 1473 681 1548 superi
698 1491 864 1548 vmanesque
887 1475 1072 1548 torquentur,
1087 1472 1125 1528 lc

21 1584 46 1624 rs
60 1562 113 1637 qui
140 1565 285 1620 nocturno
311 1561 453 1621 terribilis
480 1562 598 1620 ululatu
624 1561 806 1637 profimdum
833 1579 936 1636 specus
960 1563 1073 1620 etima

58 1654 208 1709 terrarum
236 1668 351 1725 moves,
377 1652 465 1709 modo
493 1651 684 1709 servientium
712 1653 866 1709 revocator
896 1651 1073 1726 animarum,

59 1759 139 1799 nunc
156 1738 237 1797 idem
255 1739 381 1798 erudelis
401 1743 431 1798 et
448 1738 637 1798 inexorabilis
657 1741 764 1813 custos,
789 1739 948 1814 aliquando
971 1758 1072 1814 preces

59 1830 90 1887 et
117 1830 224 1887 matris
252 1828 384 1887 admitte.
429 1830 576 1904 paciscere
607 1827 799 1904 quantilibet,
831 1830 911 1886 totos
943 1829 1073 1905 lugentis

60 1935 149 1993 posce
182 1935 299 1992 census,
330 1936 389 1976 non
417 1920 451 1975 ut
482 1917 598 1975 labores
630 1936 684 1975 nec
710 1920 745 1975 ut
770 1917 924 1975 horridum
956 1936 1073 1976 carmen

22 2024 209 2080 aocxerceaS,
237 2005 289 2064 sed
315 2008 349 2063 ut
376 2005 487 2064 ferrum
513 2009 598 2064 tuum
625 2005 745 2082 refigas,
772 2009 806 2064 ut
833 2006 923 2065 verba
950 2007 1004 2065 tua
1028 2026 1073 2065 re-

61 2094 169 2169 solvas,
191 2097 228 2154 nt
249 2094 325 2152 nihil
348 2095 460 2170 feceris,
483 2094 600 2153 dimitte
618 2097 745 2169 tantum,
769 2098 799 2152 et
818 2095 956 2153 evocasti.
997 2095 1074 2152 nihil

59 2187 125 2260 ipse
153 2183 322 2242 onrdeliter:
350 2183 443 2258 patri,
472 2183 546 2257 scio,
574 2185 713 2258 paruisti,
741 2183 793 2242 sed
815 2186 845 2241 et
871 2184 959 2241 huius
983 2186 1074 2242 etiarn

59 2273 205 2346 lacrimis,
236 2272 406 2347 planctibus
437 2273 526 2331 huius
557 2272 692 2350 indulge,
723 2272 842 2331 consule
870 2272 966 2330 famae
994 2274 1072 2330 tuae.

60 2361 256 2420 execrabilem
282 2364 326 2435 te,
357 2380 457 2436 mage,
489 2361 580 2421 facies
608 2364 638 2420 et
664 2361 806 2434 invisum,
838 2362 864 2418 si
891 2360 1010 2419 facilius
1038 2361 1074 2419 ‹ie

22 2474 46 2515 η
60 2451 124 2510 filio
143 2451 282 2525 exoraris,
300 2453 335 2508 ut
352 2450 495 2508 includas.
537 2468 590 2508 neo
607 2453 650 2524 tu,
672 2451 788 2524 marite,
806 2468 860 2507 nec
878 2452 912 2508 tu
930 2450 1073 2524 timueris

61 2558 100 2597 ne
126 2539 243 2597 ultricis
270 2539 392 2597 umbrae
420 2541 504 2597 vania
533 2539 681 2616 exagitare
706 2537 881 2612 terroribus,
908 2538 978 2597 ullis
1000 2539 1074 2595 ima-

62 2628 195 2706 ginibus:
221 2627 292 2686 huic
315 2646 417 2687 secura
440 2627 561 2686 dabitur
583 2630 680 2703 quies,
708 2629 764 2686 scit
790 2627 940 2702 adquam
968 2627 1074 2686 debeat

61 2718 163 2777 venire
182 2717 330 2776 dimissus.
366 2711 493 2776 ‘iuvenis
512 2717 652 2791 piissime,
675 2718 790 2776 iuvenis
808 2716 1075 2793 indulgentissime,

62 2825 216 2882 nunquam
233 2806 324 2864 matri
345 2808 416 2864 tuae
435 2806 540 2864 umbra
557 2824 610 2864 neo
628 2824 739 2881 manes,
762 2807 789 2864 si
807 2805 895 2864 modo
913 2805 1076 2865 veneficum

134 3033 151 3081 9
171 3010 352 3098 saguinantes
370 3037 399 3079 B
488 3034 521 3082 10
539 3029 662 3091 metere
749 3033 780 3082 15
801 3043 913 3096 specus:
932 3028 1031 3095 pectus
1049 3035 1077 3080 Ι

64 3105 98 3154 18
121 3099 330 3167 quantumlibet
352 3109 375 3153 ,1
462 3102 600 3168 poscentis
624 3099 748 3168 lugentis
770 3108 811 3165 M,
836 3098 964 3166 lugentes
983 3108 1008 3151 J

63 3177 97 3225 19
116 3186 212 3240 posce:
231 3184 347 3238 posaeo
405 3176 439 3224 20
457 3171 576 3241 r'efiggas
596 3180 627 3223 Μ
683 3175 715 3222 21
736 3170 835 3222 dimite
857 3179 878 3221 V
929 3175 962 3222 22
982 3168 1074 3222 eed-

62 3241 178 3296 consule
197 3243 379 3308 l.23om.1’,
399 3242 509 3297 addan
527 3259 611 3312 maro.
625 3263 646 3302 p
700 3247 734 3294 25
753 3257 804 3294 nco
818 3240 1011 3294 tummaritac
1025 3255 1077 3294 nec

62 3349 191 3403 timueris
209 3357 237 3401 B
325 3353 359 3401 26
377 3348 512 3418 umbrae}
533 3358 554 3400 V
636 3315 762 3417 exegisti
783 3357 804 3399 V
885 3346 970 3400 nullis
993 3357 1022 3413 νς
1041 3362 1077 3400 ne

61 3455 130 3510 ullis
150 3469 176 3522 βς
195 3454 316 3523 ullisque
330 3464 363 3509 Μ
409 3420 609 3525 imaginibus
666 3460 698 3507 27
719 3471 815 3523 quam:
836 3418 897 3525 g&
911 3455 1080 3523 saeptum

63 3526 254 3582 redemimus
276 3535 297 3578 V
365 3532 398 3580 29
418 3526 585 3581 beneficium
605 3535 630 3580 B
