2408 3840
334 157 568 214 DEOLAMATIO
586 157 651 214 XIV
665 165 777 214 10-12.
1001 160 1066 226 275

52 331 94 389 sit
117 331 148 388 et
169 329 202 386 in
224 348 317 388 unum
338 328 546 387 tantummodo
569 345 686 387 sensum
703 329 919 404 mandaturque
941 331 1067 407 potioni,

53 436 209 495 quomque
231 417 407 477 dominetur.
454 435 520 476 ecce
541 418 616 491 iam,
638 417 753 492 mulier,
777 416 834 477 odi.
873 417 944 493 quid
966 421 1068 478 tamen
1083 418 1119 474 ll

53 507 151 567 adhuc
179 507 275 566 facere
302 506 380 566 illud
405 509 438 565 in
460 505 603 566 vitalibus
630 504 739 583 putas?
783 506 932 583 paulatim
959 525 990 566 sc
1017 527 1067 567 ne·

54 615 134 658 carae
157 599 203 655 eet
225 599 398 673 periclum
421 595 568 654 diffundat
589 597 723 654 animum
746 598 789 670 et,
812 597 948 671 quamvis
970 598 1068 672 primo

33 685 158 748 tuatim
181 685 290 745 haustu
312 685 389 744 illud
413 687 575 763 expugnet,
601 686 634 742 in
658 684 736 760 quod
755 684 856 759 datur,
883 684 967 744 brevi
993 687 1067 744 tem·

10 770 15 841 ζ
55 793 126 852 pore
149 776 182 832 iu
204 775 332 834 nominis
356 775 403 833 sui
424 775 590 851 potentiam
609 791 710 832 omnes
727 774 859 849 reliquos
878 774 999 852 stringit
1017 775 1068 833 ad-

10 856 14 899 ῑ
54 864 158 924 iectus.
203 863 414 924 medicamenti
440 865 489 922 cui
511 865 630 922 tantum
653 864 757 922 contra
783 865 916 922 animum
938 865 1068 939 primum

55 953 134 1029 licet,
155 955 255 1029 prima
276 953 413 1012 fortassis
436 954 481 1012 vis
505 954 563 1011 erit
585 951 696 1026 odium,
720 954 815 1011 exitus
837 954 904 1027 iste,
926 954 961 1010 ut
980 971 1067 1011 vene-

56 1062 127 1101 num
154 1043 220 1102 sit..
248 1041 438 1118 respondere,
469 1041 594 1114 iudices,
625 1042 687 1101 illis
718 1041 792 1100 libat
820 1043 872 1116 qui
899 1060 946 1099 me
977 1042 1067 1119 paulo

30 1133 124 1191 rante
148 1131 252 1190 dicunt
278 1133 312 1189 in
334 1149 433 1189 amore
460 1132 551 1190 fuisse
578 1129 784 1189 miserabilem.
832 1132 943 1205 quanto
967 1129 1068 1189 crude-

25 1248 29 1255 ·
58 1221 145 1294 liora,
175 1222 287 1295 quanto
315 1221 454 1298 graviora
476 1220 577 1295 patior
600 1221 652 1294 qui
674 1218 756 1279 dicor
784 1216 961 1294 explicitus?
1006 1239 1069 1278 mo-

58 1309 176 1384 destior,
203 1328 270 1369 cum
293 1326 437 1383 amarem,
465 1311 495 1367 et
518 1310 654 1383 quietior.
700 1309 800 1368 firerat
822 1327 893 1368 sane
916 1309 1014 1384 pallor
1036 1310 1069 1367 in

59 1397 141 1474 facie,
154 1397 206 1457 sed
225 1399 290 1474 ipsa
309 1416 426 1473 quoque
444 1398 545 1471 comiS,
564 1396 695 1473 optanda
712 1396 847 1456 tristitia.
879 1397 1068 1456 inveniebam

59 1487 216 1563 conloquia
237 1486 428 1562 merebarque
451 1504 611 1560 sermones,
639 1505 717 1544 nunc
740 1506 788 1545 me
811 1504 911 1546 omnes
939 1487 1069 1564 fugiunt,

30 1580 33 1585 '
58 1576 241 1649 aversantur,
263 1573 397 1634 oderuut.
433 1577 498 1632 tum
516 1575 723 1650 frequentare
746 1576 885 1650 lupanari
906 1574 1069 1635 deducebat

19 1732 22 1737 ,
56 1665 164 1741 pudor,
194 1663 340 1724 obiciebat
367 1681 516 1738 occursura,
549 1682 626 1722 nuuc
657 1663 779 1740 publica
810 1663 956 1738 detinent,
989 1664 1069 1740 quod

21 1768 30 1793 ·“
56 1772 171 1831 queror,
195 1753 316 1829 adsisto,
338 1754 495 1812 convictor.
532 1771 586 1828 pro
609 1752 778 1812 miseranda
800 1753 946 1812 condicio!
970 1751 1121 1812 ridcor12

21 1832 24 1839 ’
54 1842 175 1920 ubique,
197 1859 311 1916 narror,
334 1841 480 1901 ostendor.
517 1859 572 1920 ego
595 1859 661 1900 aum
678 1844 745 1901 tota
763 1843 885 1901 civitate
904 1843 1068 1902 meretricis

52 1930 203 1993 inimicua
249 1933 274 1990 ai
300 1931 400 2008 patior
426 1932 517 1990 miser
542 1930 612 1990 illas
642 1931 821 2007 lupanarum
850 1932 1069 2005 insultationas,

51 2019 108 2082 illa
121 2020 373 2097 ‘compotantium
400 2019 567 2095 maledicta,
591 2021 733 2094 convicia,
760 2039 820 2078 non
847 2037 967 2095 possum
994 2021 1068 2079 satis

10 2140 12 2145 ¹
51 2110 274 2172 tormentorum
293 2111 455 2185 exprimere
474 2126 649 2167 mensuram.
687 2103 817 2182 odi,'nco
835 2127 968 2183 unquam
987 2109 1068 2167 visus

10 2226 17 2269 ι,
50 2214 121 2259 aum
149 2198 246 2276 magis
274 2215 394 2257 amasse.
440 2197 627 2275 intellegitis,
650 2199 738 2273 puto,
764 2195 889 2271 indicae,
918 2197 1069 2255 hominem

10 2258 15 2341 i
51 2289 107 2366 qui
131 2289 251 2346 tantum
274 2287 312 2344 ad
334 2305 387 2346 voa
410 2286 520 2345 detulit
543 2287 636 2345 animi
660 2289 826 2360 mentisque
850 2287 1011 2359 cruciatus,
1040 2287 1069 2344 ot

10 2352 17 2389 ι
48 2392 108 2453 pro
133 2377 199 2436 rita
222 2377 314 2450 queri.
359 2375 410 2434 red
431 2376 515 2452 potio
538 2375 650 2450 infelix,
674 2375 814 2451 quioquid
838 2377 891 2450 est,
913 2393 967 2450 per
990 2374 1069 2449 quod

10 2406 204 2553 *paularim
226 2464 381 2541 proficitur
399 2464 437 2524 ad
455 2466 589 2538 mortem,
613 2464 729 2524 assidue
751 2483 866 2522 mecum
884 2464 999 2523 rixatur
1018 2463 1068 2522 ad-

47 2617 271 2633 N-———-—-—

10 2704 14 2771 i
129 2731 143 2778 1
163 2723 400 2792 mandareturqne
417 2731 499 2789 BV&
517 2724 646 2776 manetur
665 2730 697 2774 Μ
784 2729 799 2775 2
819 2737 963 2790 quousque
981 2739 1032 2778 om.
1051 2731 1074 2773 u

49 2797 177 2852 bansta
193 2804 229 2861 B,
248 2795 268 2848 h
284 2804 393 2863 capr]
459 2793 607 2864 impugnat
628 2802 650 2845 V
717 2799 733 2846 6
751 2793 909 2862 potentium
927 2802 956 2845 B
1025 2809 1069 2846 re·
1109 2802 1111 2811 ·

48 2860 168 2944 Rssquoa
191 2876 219 2920 Β
304 2870 318 2918 7
342 2864 577 2919 medicamentum
599 2874 684 2929 nvco
758 2865 880 2934 primum
905 2882 954 2919 om.
981 2873 1002 2916 v

10 2968 24 2987 ι-
49 2940 138 2996 8vix
157 2951 178 2992 o
260 2936 355 2992 odium
374 2937 428 2992 erit
445 2946 467 2989 V
552 2935 657 2989 exitum
676 2935 743 2990 sieta
761 2938 867 2989 utnon
884 2951 1021 2989 venenum
1040 2944 1072 2988 Μ

10 2996 20 3065 ”.
51 3014 87 3067 11
105 3010 271 3082 patiarne
339 3009 422 3063 decor
438 3018 467 3062 B
538 3014 570 3061 12
590 3023 684 3061 amare
702 3016 730 3060 Β
802 3013 834 3060 lb
858 3008 1021 3060 aversantur
1040 3018 1067 3061 e:

51 3083 241 3138 tdveraantur
259 3102 282 3133 ω
357 3081 429 3134 tum:
454 3082 549 3135 tamen
568 3089 599 3132 11
683 3084 715 3133 16
740 3078 876 3146 abigebat
896 3077 943 3131 Gr.
1015 3095 1068 3146 pu-

49 3144 129 3210 blico
148 3153 208 3210 aco.
290 3151 365 3220 quod
384 3166 496 3220 queror:
516 3162 701 3219 conquerere
788 3155 820 3202 1‘1
840 3148 961 3202 adsistor
979 3169 998 3200 α

10 3260 19 3307 :⁸
51 3258 156 3316 conda
174 3267 210 3325 B,
229 3258 252 3311 ti
269 3268 378 3328 capm
459 3262 492 3312 18
510 3273 561 3326 per
577 3258 667 3310 totam
686 3256 828 3309 civitatem
845 3263 885 3322 21¹3
909 3253 1070 3308 civitaten

52 3332 88 3386 19
108 3342 187 3385 noe
239 3329 419 3398 lupanarium
437 3337 500 3393 mc
555 3332 589 3381 20
607 3327 672 3380 illae
690 3349 708 3379 α
763 3325 985 3394 compotantium
1005 3325 1067 3379 Gra

52 3401 248 3472 corporearum
262 3422 280 3454 a
296 3402 338 3469 (ic
351 3399 452 3454 alium
466 3417 534 3455 corr.
544 3401 593 3469 B);
613 3397 800 3467 corporalium
818 3409 864 3463 co,
884 3399 1068 3450 scortatorum

51 3466 134 3528 Duco.
145 3476 223 3542 1295
302 3477 337 3525 24
353 3471 433 3541 potio
452 3473 583 3540 operatur
601 3470 650 3523 inf.
668 3478 700 3521 M
769 3468 914 3538 quicqucd
933 3477 974 3537 Βχ
989 3467 1076 3535 qmb-

52 3543 133 3610 quod
149 3553 171 3596 V
239 3544 284 3598 est
300 3559 350 3598 om.
365 3552 393 3596 Β
463 3547 497 3596 25
513 3540 738 3612 proficisciturv

880 3632 938 3689 ib*
