2408 3840
138 155 204 218 216
354 153 461 207 DIVES
480 152 688 208 ACCVSATVS
707 151 940 206 PRODITIONIS

139 323 279 399 explicito
302 323 380 381 bello
403 323 604 382 reuertuntur!
650 341 709 381 non
732 341 779 380 me
802 323 898 380 laetae
922 322 1039 380 cinxere
1061 321 1147 398 legio·

139 430 200 485 nes,
224 431 282 470 non
306 412 391 470 effusi
414 412 533 470 obviam
553 411 631 471 cives
654 411 829 487 triumphali
853 410 932 469 circa
949 427 1052 469 currus
1072 427 1148 468 meos

142 501 310 559 exultavere
333 501 459 576 laetitia,
485 501 630 576 sequebar
653 502 786 577 captivos
808 518 888 559 meos
911 500 1028 558 tristior
1049 498 1149 572 victor,

141 592 271 648 maestus
289 591 420 666 undique
435 590 593 649 claudebat
608 591 760 662 exercitus,
779 589 996 648 occurrentium
1013 589 1150 647 lacrimae

140 679 374 754 propinquorum
398 682 428 738 et
450 679 647 738 erubescentis
672 680 750 738 circa
771 698 818 737 me
847 678 952 754 populi
979 678 1087 736 timida
1109 694 1180 735 scs

141 767 226 826 lacia.
273 787 289 826 0
317 787 503 827 successuum
531 787 647 843 quoque
675 771 843 826 nostrorum
870 769 980 826 misera
1008 767 1150 825 condicio!

142 874 211 933 ergo
239 874 293 933 ego
315 858 471 915 victoriam
499 876 596 915 meam
624 875 684 915 non
711 856 836 916 narrabo
864 857 927 915 sine
954 855 1041 930 fletu,
1069 874 1151 914 nemo

142 947 304 1003 amicorum
331 948 625 1021 propinquorumque
653 965 752 1005 coram
778 965 826 1004 me
853 944 888 1004 de
916 937 996 1003 bello
1018 962 1085 1002 meo
1112 943 1151 1001 lo·

90 1033 125 1087 11
142 1036 256 1108 quatur.
303 1035 378 1091 nihil
406 1037 450 1093 est
477 1035 624 1093 crudelius
653 1035 823 1093 calamitate
851 1053 941 1109 quam
971 1033 1084 1111 gaudia
1110 1051 1152 1090 re·

142 1123 262 1181 ducunt.
308 1123 444 1197 quotiens
475 1123 597 1181 redierit
628 1124 680 1181 ille
712 1124 808 1182 laetus
834 1121 918 1182 vobis
944 1123 977 1179 in
1006 1122 1152 1198 supplicia
1163 1138 1183 1179 o

141 1230 208 1269 mea
241 1211 316 1285 dies,
347 1211 486 1288 lugubres
517 1212 593 1270 mihi
624 1213 699 1270 ferte
730 1213 839 1284 vestes,
870 1213 1011 1270 renovate
1044 1210 1152 1269 servuli

142 1299 293 1376 planctus,
320 1302 424 1375 parate
447 1301 558 1359 solacia
580 1302 748 1376 propinqui.
794 1300 870 1357 nulli
896 1298 984 1358 liberi
1006 1301 1151 1376 inpatien-

141 1390 202 1446 tius
222 1388 426 1446 desiderantur
445 1407 535 1463 quam
554 1391 606 1465 qui
624 1392 746 1465 propter
766 1390 881 1465 patrem
899 1388 1040 1447 videntur
1058 1389 1151 1448 occisi

210 1475 267 1533 Sed
290 1496 405 1549 verum,
432 1477 558 1552 iudices,
585 1478 740 1536 fatendum
764 1480 821 1553 est,
848 1479 940 1536 timeo
962 1477 1150 1550 mehercules,

26 1564 29 1573 “
142 1585 179 1622 ne
202 1584 258 1641 par
280 1566 397 1623 solaciis
420 1555 493 1624 meis
517 1583 575 1624 non
599 1569 664 1641 sim,
686 1586 723 1625 ne
745 1586 793 1625 me
816 1568 952 1642 isteque
975 1586 1030 1643 pro
1053 1566 1151 1625 liberis
1163 1581 1182 1623 u

141 1657 262 1727 irascor,
288 1653 409 1712 affectus
432 1655 463 1711 in
486 1654 585 1713 media
607 1657 720 1714 ultione
744 1656 895 1715 destituat.
932 1655 984 1714 sed
1007 1657 1151 1728 adiuvate,

142 1744 322 1801 miseremini
339 1742 509 1818 propinqui,
533 1745 673 1803 adiuvate
692 1745 789 1818 amici,
811 1747 849 1820 et,
872 1744 898 1804 si
916 1744 994 1803 forte
1013 1744 1151 1817 defecero,

142 1835 177 1890 tu
199 1832 343 1890 ultionem
366 1851 471 1907 meam,
494 1833 611 1908 popule,
635 1852 814 1893 consumma.
851 1835 941 1892 timeo
964 1833 1151 1906 mehercules,

143 1939 193 1993 ne,
226 1939 292 1979 cum
319 1921 450 1979 carnifex
477 1924 599 1997 propius
627 1923 795 1997 accesserit,
831 1922 928 1982 subito
960 1924 1150 1998 proclamem:

145 2004 217 2066 ‘iam
240 2010 318 2068 malo
341 2005 478 2084 patrem'
517 2010 576 2085 sed,
600 2014 626 2069 si
644 2012 710 2087 quis
734 2015 779 2070 est
801 2012 905 2086 pudor,
929 2011 1017 2087 oculi,
1040 2011 1183 2070 differtor

144 2097 294 2172 lacrimas,
320 2098 400 2156 abite
424 2100 565 2176 gemitus,
587 2100 754 2175 horridum,
780 2104 893 2159 trucem
916 2099 1008 2158 debeo
1031 2119 1152 2176 praepa-

143 2205 209 2244 rare
233 2190 263 2245 et
285 2187 432 2245 miserum.
470 2186 701 2264 deprehendam,
725 2190 856 2247 omnium
878 2188 1051 2247 mortalium
1074 2189 1153 2248 calli-

144 2276 271 2352 dissime,
290 2276 368 2335 hunc
386 2296 474 2351 quem
493 2277 624 2354 simulas,
639 2296 728 2353 quem
746 2297 823 2336 nunc
841 2277 978 2352 imitaris,
997 2277 1152 2337 adfectum.

143 2367 214 2423 tunc
242 2365 365 2424 sciemus
389 2384 447 2441 quo
476 2365 575 2423 animo
598 2367 762 2445 rogaveris,
789 2368 825 2424 ut
846 2366 946 2442 potius
973 2365 1039 2442 ipse
1062 2386 1152 2425 more·

217 2540 249 2587 18
268 2536 301 2601 cf.
318 2533 424 2587 POMP.
435 2551 550 2604 gramm.
562 2535 587 2589 V
599 2541 657 2602 186,
669 2540 702 2588 32
721 2535 910 2600 Quintilianus
925 2534 955 2587 in
969 2535 1155 2590 controversia

145 2622 196 2658 aua
215 2622 230 2658 o
249 2605 377 2674 popule
396 2606 468 2659 dixit
486 2607 562 2674 quod
580 2623 636 2660 non
655 2609 749 2676 potest
762 2606 826 2660 dici.
855 2606 925 2674 quid
938 2608 999 2659 tam
1014 2607 1091 2661 enim
1105 2607 1155 2661 ari·

145 2677 219 2742 dum,
239 2677 308 2745 quid
322 2678 380 2730 tam
396 2677 549 2731 absurdum
564 2695 648 2748 quam
666 2678 720 2732 hoc
734 2678 844 2732 dicere?
868 2678 915 2732 sed
932 2693 1001 2730 acm
1010 2679 1156 2748 Pompeiis
1192 2720 1194 2732 .

144 2749 217 2802 boire
236 2749 321 2802 locum
340 2749 535 2818 significaverit
552 2751 654 2804 dictito.
688 2752 722 2816 cf.
738 2749 801 2803 decl.
816 2750 882 2804 miii.
897 2752 953 2803 302
967 2765 1000 2817 p.
1017 2753 1109 2815 192,3
1123 2749 1155 2802 R.

145 2825 171 2873 et
189 2820 288 2885 liiiier,
307 2818 350 2872 die
364 2820 609 2888 quintilianiscbea
622 2821 847 2875 Declcorotioaen
861 2837 890 2889 p.
904 2823 961 2874 210
978 2825 1005 2874 et
1022 2824 1080 2874 253
1094 2821 1170 2902 odii.⁸

218 2986 231 3032 1
252 2978 378 3032 cincxere
396 2989 424 3032 Β
490 2986 506 3032 4
525 2979 649 3047 undique
667 2981 790 3034 maestus
809 2989 841 3033 M
905 2984 920 3032 t
940 2979 1061 3051 populi}
1077 2982 1157 3050 (5-6

146 3102 195 3154 litt.
211 3104 258 3169 cr.)
273 3112 305 3154 Β
355 3103 465 3158 tumida
484 3117 504 3157 c
555 3110 739 3172 8queom.c
793 3051 867 3180 oddo
885 3113 913 3156 Β
966 3106 1047 3158 lieet
1064 3121 1115 3159 om.
1131 3111 1160 3156 Β

147 3179 178 3225 15
199 3190 259 3225 sum
278 3183 306 3226 Β
393 3187 444 3242 pro
463 3189 553 3244 quos
640 3174 737 3229 liberis
756 3175 824 3229 meis
843 3184 864 3227 V
950 3179 983 3228 16
1008 3176 1158 3247 αᾰίιινᾷῖο

145 3245 173 3311 (3
187 3244 258 3297 celi
277 3245 327 3299 litt.
343 3247 390 3314 er.)
404 3256 432 3299 Β
486 3252 518 3301 18
538 3263 671 3301 consuma
686 3256 714 3299 Β
767 3251 800 3300 19
819 3245 990 3316 proclamem
1009 3263 1044 3301 ca
1061 3250 1121 3302 -arir
1133 3255 1160 3300 Β

146 3318 179 3366 20
199 3314 256 3367 iam
275 3328 355 3379 corp
428 3323 460 3370 21
482 3323 546 3385 post
563 3320 668 3371 trucem
688 3317 752 3373 add.
771 3317 861 3371 habeo
880 3327 913 3384 Β,
932 3317 984 3372 del.
999 3335 1073 3373 mon.
1089 3322 1108 3372 3

145 3401 327 3453 praeparare:
347 3403 392 3440 me
409 3403 510 3457 parare
528 3389 584 3442 Bu.
675 3394 708 3442 22
733 3390 773 3442 et:
792 3391 864 3442 utV
945 3394 1011 3458 poet
1028 3389 1159 3444 miserum

145 3456 208 3508 add.
230 3457 385 3525 deprimere
405 3460 482 3514 Deos.
557 3458 733 3529 deprehende
752 3469 784 3513 Β
853 3459 1045 3515 adsimules
1063 3470 1092 3514 Β

140 3527 261 3582 mutaris
279 3537 308 3583 Β
379 3536 413 3585 24
431 3513 598 3609 moriariav
