2408 3840
393 119 626 177 DECLAMATIO
645 120 684 174 ΙΠ
699 125 810 174 17-19.
1066 121 1108 185 57

97 289 217 349 fecisset
247 287 325 349 Maii
352 291 549 366 propinquus,
579 289 658 365 quod
686 309 720 348 ex
749 291 815 364 ipsa
845 291 936 367 stirpe
964 291 1111 351 virtutum

100 377 270 439 sustulisset
292 395 323 442 se
345 377 468 455 flagitiis
488 379 611 445 suboles.
644 397 715 437 nam
739 396 805 438 eum
827 377 901 437 bene
919 379 960 438 sit
982 379 1110 441 liberate

100 466 207 545 probro
231 466 356 541 familia,
380 468 454 542 quid
477 468 587 533 attinet
608 467 685 527 illud
709 466 833 526 subinde
856 468 951 527 Mario
975 466 1109 529 obicere?

99 557 249 634 optimum
266 555 365 621 fuerat
383 576 443 616 non
460 556 598 619 habuisse
616 558 717 631 talem,
736 557 903 632 proximum
917 560 970 630 est,
984 557 1112 622 libenter

73 665 85 705 s
96 645 271 723 perdidisse.

165 733 325 808 Perorata,
347 735 518 810 imperator,
544 737 579 793 ut
600 734 789 794 mediocritas
816 734 929 811 ingenii
951 735 1010 793 mei
1032 736 1112 810 tulit,
1127 733 1165 789 le

97 841 206 897 eausa,
234 824 294 882 seio
318 823 580 882 commendationis
607 825 702 900 partis
727 842 788 882 esse
813 825 957 899 reliquas,
985 823 1036 881 sed
1058 824 1112 882 has

98 929 301 988 supervacuas
332 911 406 970 facit
437 914 579 972 sanctitas
620 915 681 971 tua.
727 912 799 988 quid
827 915 905 971 enim
933 931 1047 985 verear,
1074 931 1112 970 ne

97 1003 208 1060 noceat
229 1019 280 1059 reo
303 1001 456 1060 humilitas
484 1002 563 1077 apud
585 1004 616 1060 te
644 1003 692 1059 eui
715 1002 762 1060 vel
789 1004 903 1079 gratior
927 1004 1027 1077 potest
1050 1019 1112 1060 esse

63 1110 85 1148 ro
97 1090 181 1148 nuda
210 1091 318 1164 virtus,
348 1091 428 1167 apud
456 1109 543 1166 quem
569 1092 733 1149 maximum
762 1092 808 1149 est
838 1111 872 1150 ex
901 1108 932 1149 se
963 1088 1112 1166 coepisse?

101 1179 306 1238 commendem
333 1179 391 1238 tibi
414 1179 543 1239 ordinem
569 1180 692 1257 caligati
719 1180 825 1239 militis
852 1198 940 1256 quem
963 1179 1045 1238 velut
1068 1181 1112 1236 in-

101 1269 320 1327 crementorum
348 1270 469 1327 tuorum
497 1268 629 1327 natalem
658 1268 785 1327 libenter
814 1268 851 1326 ab
880 1269 942 1327 alto
970 1267 1112 1344 respicis?

103 1357 200 1415 adhuc
218 1356 345 1417 fortasse
367 1359 527 1432 patricium
544 1358 674 1418 valuerit
691 1376 793 1435 genus,
816 1358 867 1416 sed
886 1358 1008 1416 ductum
1027 1360 1113 1416 tuum

101 1446 194 1524 longa
222 1447 296 1504 serie
324 1445 481 1522 dignitatis
507 1447 640 1506 ordinem
669 1449 736 1525 ipsa
766 1447 912 1505 virtutum
941 1446 1113 1505 condicione

71 1535 256 1595 umeliorem
278 1527 383 1593 fecisti.
422 1535 553 1594 nondum
575 1535 675 1612 potuit
698 1536 789 1594 altius
811 1535 969 1617 procedere
992 1537 1039 1596 vir
1062 1535 1112 1593 ad-

101 1624 158 1685 huc
181 1624 271 1681 huius
295 1625 411 1686 aetatis.
447 1626 548 1683 tamen
571 1643 638 1685 cum
660 1626 759 1684 virum
786 1625 906 1699 fortem,
934 1624 1113 1703 condignum

101 1715 160 1771 tuis
186 1713 301 1787 eastris,
324 1714 385 1772 tuis
409 1714 547 1790 auspiciis
570 1714 734 1790 probarim,
758 1713 929 1773 commendo
951 1713 1009 1771 tibi
1032 1715 1113 1790 quie·

102 1801 174 1878 quid
199 1801 305 1866 melius
328 1803 413 1861 miles
435 1801 501 1860 fieri
524 1805 632 1880 potest.
677 1805 733 1862 hoo
756 1802 875 1879 quidem
898 1803 1030 1879 profecto
1053 1823 1113 1876 non

101 1892 249 1967 expectas,
271 1892 306 1948 ut
328 1893 360 1948 in
384 1893 514 1950 extrema
538 1891 652 1952 actione
675 1893 839 1952 miserabili
860 1891 932 1951 fietu
955 1894 985 1950 et
1006 1891 1114 1950 humili

66 1999 88 2040 so
101 1980 302 2039 obtestatione
330 1981 425 2038 vitam
453 2000 530 2058 genu
557 1983 643 2040 nixus
671 1984 768 2058 petat:
798 2001 852 2041 nee
881 1984 916 2040 tu
944 1983 1046 2058 rogari
1075 1981 1112 2039 ab

100 2070 259 2128 innocente
283 2070 389 2146 exigis,
417 2088 470 2128 neo
492 2071 557 2128 viro
584 2071 657 2129 forti
684 2089 758 2146 opus
782 2073 827 2130 est
852 2072 968 2146 precari
996 2071 1113 2130 absolu-

99 2160 222 2217 tionem.
268 2177 361 2219 unum
383 2160 483 2235 rogat,
508 2161 543 2216 ut
566 2161 591 2226 si
614 2160 686 2235 quid
709 2160 745 2219 de
769 2178 857 2218 causa
879 2159 961 2219 illius
985 2158 1113 2234 dubitas,

99 2247 152 2305 des
182 2246 357 2306 dilationem
386 2265 479 2322 usque
510 2247 547 2306 ad
576 2250 745 2323 proximum
775 2248 929 2323 proelium.
976 2267 1052 2323 pone
1081 2249 1113 2305 in

174 2451 268 2543 rell
286 2496 314 2546 Β
383 2493 461 2542 sse:
481 2486 531 2540 sed
548 2497 573 2540 1
624 2487 726 2558 fiagitii
744 2497 784 2541 su
833 2504 911 2544 nam:
930 2487 989 2543 iam
1005 2487 1113 2543 Fracta

98 2559 186 2612 bene:
210 2573 300 2626 paene
326 2559 387 2614 Obr.
470 2563 486 2610 3
510 2559 629 2627 probroo
653 2569 691 2626 Β,
717 2569 822 2614 cerro
894 2559 1005 2613 abicere
1029 2572 1043 2622 c

100 2663 276 2718 4obtimum
294 2673 353 2718 ΒΜ
412 2647 530 2721 habuiie
548 2675 576 2726 Β
634 2665 721 2721 talem
738 2665 935 2737 propinquum,
955 2664 1112 2735 proximum

98 2735 118 2788 l.
134 2753 162 2804 p.
182 2736 262 2790 Dese.
326 2737 369 2789 est
387 2738 504 2791 serrem:
525 2739 552 2791 et
571 2758 606 2804 ω;
626 2737 712 2789 ants
780 2742 928 2802 lcausam
947 2746 979 2791 Β
1040 2752 1113 2789 com-

99 2804 287 2860 mendieionis
306 2816 340 2872 Β,
359 2818 460 2863 corre
520 2807 609 2876 partis
627 2817 714 2875 Βνβγ,
733 2810 828 2877 partes
847 2817 933 2871 §Mys
989 2807 1113 2875 reliquas

99 2896 134 2932 eac
152 2875 296 2946 relinquas
310 2887 338 2930 Β
390 2879 454 2931 has:
475 2895 505 2932 as
519 2888 553 2944 Β,
573 2890 674 2933 cerro
746 2884 761 2931 9
780 2878 958 2945 militasti,
977 2888 1078 2933 corre

99 2947 222 3020 gratior:
242 2950 352 3018 gravmr
370 2959 391 3001 V
442 2956 474 3004 11
493 2948 562 3003 velit
575 2959 609 3015 Β,
629 2961 730 3005 corre
786 2957 819 3004 1³
839 2951 911 3004 aduo
925 2960 959 3017 Β,
977 2959 1078 3004 eorus

100 3021 231 3074 ductum:
259 3020 345 3074 ductu
363 3030 458 3087 Βνβσς
484 3020 568 3075 ducto
587 3031 629 3088 Β,
655 3021 699 3074 vel
720 3022 836 3075 ductum
855 3043 888 3074 m
958 3023 1039 3074 tuum
1056 3037 1114 3075 cor-

99 3093 174 3146 rasi:
194 3090 252 3144 tuis
270 3113 293 3146 ω
375 3097 408 3145 14
426 3091 493 3161 loga
510 3102 538 3145 Β
608 3092 787 3162 dignitatatis
807 3093 950 3158 ordineem
967 3101 995 3144 Β
1060 3091 1114 3144 vir·

100 3165 193 3217 tutem
211 3171 251 3229 Β,
276 3173 379 3218 eorm
451 3163 642 3218 condicionem
661 3186 679 3217 α
762 3170 794 3218 16
815 3164 898 3217 huius
918 3163 1043 3227 adhuos

100 3232 223 3301 aetateis
238 3243 266 3286 Β
314 3251 388 3288 oum:
409 3251 461 3288 con
474 3244 508 3302 Β,
527 3246 624 3290 corae
674 3235 844 3305 condignum
859 3245 899 3289 M:
920 3250 983 3288 cum
998 3233 1114 3303 dignum

101 3307 202 3374 reliqui
248 3311 279 3358 17
300 3305 356 3358 tuis
371 3311 434 3360 uate
449 3306 582 3376 auspiciis
597 3324 647 3361 om.
661 3316 686 3359 1
734 3312 766 3360 19
786 3306 867 3360 umili
881 3316 908 3359 Β
953 3311 986 3358 20
1005 3304 1112 3375 rogari:

100 3431 163 3484 iia
180 3448 235 3486 rus.
250 3440 278 3483 Β
335 3436 368 3485 21
387 3429 441 3493 viri
459 3440 493 3498 Β,
512 3441 613 3487 eorm
659 3429 835 3486 absolutione
855 3440 905 3490 BV
960 3435 999 3485 ‘tt
1015 3391 1122 3501 puniis-

101 3502 194 3571 primc
212 3511 240 3554 Β
