2406 3832
144 157 210 230 236
462 155 715 211 CADAVERIBVS
732 155 837 212 PASTI

145 325 269 399 crimen,
297 325 375 402 quod
398 327 529 403 pretium
552 325 761 400 constituistis,
785 326 863 401 quod
887 326 1036 384 occultum
1061 325 1159 384 detis?

144 415 276 491 duplum.
313 416 479 491 patrocinio
497 434 563 475 meo
582 416 761 493 quantulum
778 410 907 474 lucrorl’
946 417 978 474 et
991 433 1047 474 nos
1063 417 1160 490 inepti

145 522 179 563 ac
202 505 305 563 vesani
332 503 368 563 de
395 504 474 563 fame
503 504 707 580 querebamur,
734 505 835 582 gravis
858 502 942 563 nobis
970 505 1087 580 inopie,
1114 506 1160 562 in-

143 592 308 653 tolerabilis
327 596 358 652 et
375 594 484 652 misera
503 596 646 653 accersita
663 612 743 653 mors
762 593 926 652 videbatur.
963 610 1022 652 non
1042 596 1160 670 egimus

144 685 257 760 gratias
288 681 454 745 industriae
486 681 603 760 legati?
646 682 814 759 respublica
846 685 948 742 nostra
979 683 1161 758 locupletior
1185 704 1196 744 o

143 773 230 848 perit.
277 774 482 831 sacrosanctus
503 774 651 831 mereator
674 773 883 848 opportunum,
906 772 1020 846 opinor,
1043 773 1162 831 invenit

143 862 250 920 merois
278 863 421 920 exactum.
467 861 560 919 miror
585 861 732 934 hercules,
760 862 786 920 si
812 863 876 919 tam
903 859 977 919 bene
1004 862 1161 938 negotium

87 946 90 951 ’
145 968 291 1029 gesseras,
315 949 462 1025 quomodo
489 948 575 1010 nobis
597 950 754 1026 pecuniam
776 968 835 1008 non
862 949 1008 1008 retuleris.
1056 945 1161 1028 ‘duplo

144 1034 284 1099 vendidi?
319 1039 461 1114 decepisti
479 1039 609 1098 vicinam
627 1040 789 1113 civitatem,
813 1037 1079 1114 circumscripsisti,
1102 1040 1161 1098 ite-

145 1149 202 1206 que
226 1129 367 1203 queritur.
401 1122 503 1203 ‘duplo
527 1123 667 1193 vendidi?
700 1128 756 1187 hoc
779 1128 858 1186 enim
880 1147 973 1185 unum
995 1131 1162 1203 supererat,
1176 1150 1200 1192 1o

144 1220 179 1276 ut
202 1216 356 1276 devectum
378 1216 525 1276 tantidem
548 1217 697 1276 venderes
737 1217 842 1276 habite
865 1219 911 1275 est
932 1217 1049 1276 itineris
1071 1219 1163 1293 ratio,

143 1306 248 1365 habite
271 1325 435 1366 usurarum.
483 1326 537 1384 ego
560 1324 630 1365 vero
653 1306 733 1364 malo
761 1306 841 1382 quod
866 1308 930 1364 tam
957 1324 1066 1382 magno
1091 1326 1163 1365 ven-

146 1395 256 1454 didisti.
303 1398 429 1472 apparet
460 1396 539 1455 enim
570 1398 601 1454 te
633 1394 708 1453 nihil
741 1397 883 1454 coactum.
930 1395 993 1454 sed'
1010 1396 1037 1454 si
1068 1396 1163 1454 semel

145 1485 231 1562 ponis
249 1484 368 1544 hastam
386 1485 501 1559 salutis,
524 1486 550 1544 si
567 1485 766 1560 redemptores
785 1485 866 1542 vitae
885 1483 1030 1558 admittis,
1053 1486 1084 1542 et
1108 1503 1162 1544 nos

146 1574 283 1632 admone:
310 1573 418 1633 melius
441 1573 553 1632 vendis.
598 1592 652 1633 nos
680 1573 823 1649 quicquid
849 1573 881 1631 in
907 1572 1043 1632 domibus
1069 1573 1162 1632 hebe-
1176 1594 1200 1636 u

145 1682 224 1736 mus,
252 1661 393 1737 quicquid
420 1663 453 1721 in
484 1662 618 1738 templis,
647 1661 788 1738 quicquid
815 1661 921 1721 civitas
949 1680 1036 1721 suum
1062 1666 1163 1737 vocet,

145 1769 303 1828 congerere
325 1753 425 1827 parati
452 1770 560 1811 sumus.
607 1751 789 1810 frumentum
811 1752 938 1826 pecunie
959 1752 1163 1827 remetimur,

145 1839 315 1899 libertatem
352 1842 485 1900 nostram
517 1840 695 1914 addicimus,
726 1839 799 1899 fines
830 1839 965 1916 publicos
997 1840 1162 1899 tradimus:

146 1931 246 1988 omnia
277 1929 348 1987 licet
377 1929 480 1989 eadem
507 1931 607 1989 vicine
639 1930 745 1988 civitas
777 1929 967 2004 polliceatur,
998 1929 1067 2004 plus
1101 1948 1162 1988 non

92 2017 132 2073 20
144 2020 252 2094 potest.
288 2018 384 2094 prosit
402 2019 485 2093 mihi,
504 2019 584 2095 quod
603 2018 683 2094 apud
700 2020 900 2096 negotiatores
919 2019 1003 2092 solet,
1026 2017 1058 2075 in
1078 2022 1162 2078 ante-
1175 2039 1200 2079 so

146 2125 243 2167 cessus
276 2107 352 2165 dedi.
397 2109 535 2183 triplum,
567 2107 781 2184 quadruplum,
814 2109 959 2183 quantum
990 2110 1161 2183 poposceris

219 2267 232 2314 1
253 2259 566 2329 quod—constituistis
585 2277 635 2313 om.
654 2269 683 2326 νς
703 2260 737 2327 ef.
752 2259 830 2313 Dess.
841 2275 870 2328 p.
883 2262 920 2311 78
988 2258 1161 2313 constituitis

146 2343 182 2396 sc
229 2330 298 2399 quid
315 2341 343 2385 Β
395 2331 547 2385 occultum:
566 2335 586 2384 fi
603 2332 636 2384 oe
652 2348 707 2385 ras.
722 2339 755 2382 Μ
807 2336 903 2383 tmeo
922 2331 965 2383 est
979 2338 1011 2382 Μ
1062 2329 1160 2384 luchro

145 2413 179 2470 .1;
198 2401 311 2456 luchror
329 2413 361 2456 Β
430 2408 498 2456 3ao
516 2402 612 2456 vesani
631 2417 681 2456 om.
695 2411 716 2453 V
779 2399 866 2454 seme:
885 2402 974 2453 morte
988 2410 1026 2467 Μ,
1045 2417 1115 2455 corr.
1129 2422 1161 2454 m

146 2473 316 2528 lascessita
334 2484 401 2539 Meo·
488 2473 630 2544 ogratias
648 2486 729 2537 emp
819 2474 1023 2541 toportunnm
1041 2481 1094 2525 BV

147 2544 302 2599 ‘lhereulis
320 2554 348 2598 Β
428 2547 589 2615 Sgesserat
607 2554 639 2598 Μ
716 2542 844 2597 retulerit
862 2552 914 2596 ΒΓ
991 2548 1054 2597 oete
1072 2543 1159 2613 duplo

145 2623 239 2671 cotom
259 2615 280 2670 0
304 2617 368 2670 add.
385 2638 431 2683 αγς
457 2621 514 2670 iam
536 2621 661 2686 repeteret
683 2624 742 2668 ΒΜ
764 2615 878 2682 quidam
900 2636 916 2678 ν
941 2614 984 2667 ita
1005 2613 1159 2689 infelicitas

145 2692 210 2754 235,
219 2687 417 2742 21—invenit
438 2691 503 2754 236,
514 2693 538 2742 6.
567 2689 616 2742 boc
634 2688 690 2742 loco
713 2688 781 2740 sotis
804 2687 887 2740 babeo
910 2685 1043 2739 adnotare
1065 2688 1159 2740 comos

147 2760 271 2814 lectiones
288 2759 600 2829 praetermeantes:
619 2758 670 2812 hos
690 2761 776 2827 (meos
794 2757 916 2824 235,22)
978 2756 1053 2824 quod
1072 2773 1160 2827 prope

147 2829 250 2885 civium
277 2829 405 2884 constitit
430 2830 580 2884 discrimen
603 2831 700 2885 omisso
725 2826 800 2898 quod
825 2826 947 2897 pretium
974 2828 1161 2882 constituistis

147 2903 278 2973 (235,25)
328 2899 405 2954 lucro
456 2917 489 2955 ac
502 2901 598 2955 vesani
617 2918 667 2956 om.
718 2899 836 2953 accersit
850 2915 927 2953 amor
963 2915 1035 2968 resp.
1051 2908 1066 2952 c
1084 2898 1161 2954 locu-

146 2972 250 3043 pletior
286 2974 477 3026 sacrosanctos
562 2971 782 3041 9decepistise
863 2969 1100 3039 curumscripsisti
1118 2980 1161 3037 Μ;

146 3045 297 3098 circonscr-
311 3052 339 3096 P
414 3048 447 3096 10
471 3045 586 3112 superat
603 3053 672 3097 Bvo
741 3047 774 3095 12
792 3041 914 3096 vendisti
933 3050 971 3109 M,
991 3041 1021 3094 di
1039 3059 1115 3110 supr.
1129 3062 1161 3094 m

148 3157 181 3205 lo
200 3132 297 3204 vendis
315 3159 343 3203 Β
413 3149 548 3218 quicquid
570 3150 600 3202 in
622 3148 736 3218 templis
755 3147 889 3216 quicquid
912 3147 942 3201 in
961 3147 1091 3201 domibus
1110 3146 1160 3201 he·

145 3222 278 3286 bemuss
363 3220 521 3274 dominibus
540 3230 568 3274 Β
652 3227 684 3274 16
704 3218 839 3289 quicquid
857 3219 887 3271 in
905 3219 1019 3288 templis
1038 3236 1088 3273 om.
1104 3228 1164 3273 ΒΜ

148 3298 231 3364 (supr.
241 3295 283 3363 m)
342 3296 374 3345 1⁷
393 3307 564 3361 congregare
577 3302 612 3359 Β,
626 3301 723 3348 eorm
776 3290 911 3344 frumtion
933 3290 1083 3360 pecuniam
1103 3293 1161 3360 (pe-

147 3401 260 3455 cuniam
278 3401 360 3454 etium
377 3399 409 3468 V)
427 3363 583 3453 remdlmur
600 3407 629 3452 Β
683 3398 862 3452 remetiemur
882 3397 944 3452 Obr.
1008 3402 1041 3450 19
1061 3399 1161 3452 eadem

143 3489 193 3527 om.
216 3481 238 3524 V
297 3476 331 3524 20
349 3472 472 3526 tecessus
492 3480 529 3538 Μ,
549 3487 586 3524 an
603 3487 678 3540 supr,
692 3491 724 3522 m
786 3475 825 3523 21·
838 3468 965 3539 triplum:
985 3469 1161 3538 triumphum

128 3552 169 3608 Il,
190 3560 260 3600 corr.
276 3566 310 3599 m
