2408 3840
408 174 642 230 cataclismo
660 174 718 228 VII.
1004 175 1068 239 401

57 347 150 405 durus
178 344 250 404 adeo
280 346 394 418 tamen,
424 346 458 401 ut
487 364 547 403 non
569 345 721 403 moriatur.
767 345 806 402 D.
830 345 914 419 atqui
944 345 1071 403 liberum

56 435 208 493 hominem
230 434 364 507 torqueri
381 451 441 492 non
463 433 560 493 liceat.
605 434 702 510 legem
721 431 830 491 audite.
871 435 904 491 P.
928 434 985 492 hoc
1008 435 1071 492 eius

56 541 233 598 responsum
255 525 301 581 est
319 521 402 580 cuius
420 525 570 580 tormenta
593 524 761 598 poscuntur.
803 522 860 580 hoc
878 525 996 580 tantum
1019 526 1071 595 111,

57 615 92 670 ut
115 630 201 670 nemo
229 611 303 669 liber
331 612 508 686 torqueatur
534 613 655 670 invitus.
703 612 743 670 D.
766 611 912 686 numquid
939 612 987 669 lex
1010 629 1072 670 cor-

29 701 224 777 srumpenda
247 698 313 758 est?
352 701 385 757 P.
405 701 438 757 at
460 719 530 759 sane
548 700 742 777 intelligenda
766 719 841 775 quae
867 720 884 758 a
904 700 995 758 servis
1019 719 1072 758 nos

56 792 198 863 secernit,
221 791 427 865 impatientiae
449 791 569 847 tantum
591 789 719 848 nolentis
743 790 894 848 succurrit.
941 790 1072 847 omniurn

57 878 267 938 beneficiorum
290 880 397 936 natura
421 879 480 952 est,
509 880 627 936 utnon
651 880 690 936 sit
712 878 885 951 necessitas,
916 878 967 936 sed
989 881 1071 953 pote-

58 970 130 1027 stas.
169 966 312 1043 quicquid
329 967 422 1025 honos
446 968 500 1040 est,
523 967 637 1026 desinet
656 985 727 1040 esse,
750 967 775 1026 si
795 985 890 1044 cogas.
932 967 971 1026 D.
990 967 1072 1025 itane

59 1075 161 1116 omnes
190 1056 265 1114 aliae
293 1056 372 1133 leges
395 1056 510 1133 rigidae
536 1059 566 1113 et
591 1058 759 1114 constantes
787 1058 885 1130 erunt,
915 1055 987 1113 haec
1010 1057 1073 1115 sola

19 1167 45 1206 ro
60 1145 101 1204 ad
121 1143 288 1220 placitum?
327 1146 360 1202 P.
385 1164 460 1219 quae
483 1164 553 1203 1111
574 1143 694 1203 omnes?
736 1163 821 1203 caeco
844 1145 986 1203 talionem
1008 1163 1073 1219 per·
1119 1220 1122 1226 Ι

56 1235 150 1309 misit,
173 1253 233 1292 non
256 1235 360 1311 coegit.
402 1233 521 1293 caedem
544 1234 694 1292 vindicare
717 1253 806 1310 passa
829 1237 883 1308 est,
906 1253 966 1292 non
988 1253 1073 1309 prae-

59 1324 146 1398 cepit.
187 1325 291 1397 noscis,
313 1323 455 1399 improbe,
478 1320 593 1382 nescis?
634 1342 727 1398 paene
746 1324 842 1381 levius
862 1325 907 1381 est
924 1324 1072 1381 ultionem

56 1413 156 1488 perire
180 1432 269 1487 quam
287 1413 474 1487 potestatem.
517 1412 668 1471 servitutis
687 1431 780 1487 genus
799 1414 843 1470 est
862 1413 966 1470 coacta
985 1412 1073 1470 liber-

58 1505 115 1560 tas.
156 1501 201 1559 vis
225 1503 311 1576 scire,
342 1500 414 1575 quid
441 1501 488 1557 lex
517 1501 577 1559 ista
599 1499 789 1576 promiserit?
829 1520 888 1560 non
912 1501 1010 1578 exigo,
1039 1502 1073 1558 ut

20 1611 45 1651 11
57 1590 235 1665 torquearis.
282 1591 321 1648 D.
350 1609 408 1648 non
440 1592 485 1648 est
514 1591 634 1664 mirum,
664 1589 697 1646 P.
725 1588 765 1664 O,
795 1590 821 1648 si
850 1590 967 1649 mavult
995 1591 1072 1648 mori

59 1697 150 1754 quam
179 1680 278 1737 vivere
306 1679 358 1754 qui
387 1679 503 1737 mavult
530 1697 631 1738 servus
662 1698 752 1753 quam
782 1679 857 1737 liber
884 1697 954 1738 esse.
996 1680 1029 1737 Ρ.
1055 1699 1072 1736 1

58 1787 153 1843 prava
174 1769 306 1841 libertas
329 1787 364 1825 11
387 1786 446 1842 qua
470 1767 564 1826 oritur
583 1767 735 1826 occidendi
753 1770 888 1827 facultas.
932 1787 985 1846 ego
1008 1769 1072 1826 vin-

57 1857 155 1915 dicari
176 1857 268 1931 malo,
297 1874 357 1915 non
386 1859 469 1915 mori.
511 1857 549 1914 D.
573 1859 706 1931 torqueri
738 1876 796 1915 non
820 1857 908 1915 debet
938 1857 989 1932 qui
1012 1859 1072 1914 tor-

58 1947 162 2004 menta
179 1945 277 2023 exigit.
314 1947 346 2003 P.
367 1945 437 2020 quid
456 1946 589 2019 interest,
607 1947 732 2023 exigam,
756 1965 795 2003 11
813 1965 952 2004 recusem.
990 1944 1073 2004 brevi

18 2055 44 2097 11
58 2053 164 2093 verum
185 2034 301 2092 fatebor
319 2034 439 2092 invitus.
480 2054 540 2093 non
562 2033 650 2092 debet
670 2035 824 2109 postulans
848 2054 908 2093 non
930 2035 1072 2108 torqueri,
1160 2057 1163 2062 ·

58 2122 111 2182 sed
133 2123 300 2199 dupplicari
326 2124 520 2196 tormentum,
548 2123 600 2182 sed
622 2122 674 2181 diu
703 2143 763 2182 non
787 2124 878 2197 credi,
907 2123 957 2181 sed
981 2123 1073 2180 obici:

57 2216 93 2271 tu
122 2214 186 2287 ipse
220 2213 389 2287 postulasti.
441 2213 480 2270 1).
505 2211 684 2289 intellegite,
713 2212 746 2269 P.
774 2211 814 2286 G,
843 2212 1017 2288 intelligite,
1048 2215 1074 2271 si

58 2302 146 2360 huius
169 2302 362 2376 postulationi
387 2301 541 2375 cesseritis,
566 2302 676 2376 peribit
699 2300 903 2360 conditionum
927 2301 1073 2375 discretio,

58 2389 169 2466 peribit
197 2391 272 2466 legis
302 2390 483 2465 observatio,
512 2390 623 2465 peribit
651 2389 781 2450 libertas.
829 2391 862 2448 P.
886 2408 945 2447 111
975 2391 1073 2448 minus

19 2499 46 2540 11
60 2479 173 2554 adeste,
202 2478 324 2538 iudices.
358 2479 384 2536 si
418 2479 496 2536 enim
530 2478 617 2538 huius
648 2480 840 2554 protervitati
874 2479 1073 2552 acquiescitis,

59 2569 192 2627 vertetur
220 2568 252 2625 in
275 2570 457 2626 exactionem
484 2569 652 2643 permissio,
682 2570 714 2625 in
737 2569 980 2643 depravationem
999 2569 1073 2645 legis

59 2656 282 2731 determinatio,
311 2659 343 2714 in
370 2658 538 2733 neglectum
560 2659 752 2733 paternitatis
775 2657 940 2731 veneratis,
969 2659 1012 2731 et,
1040 2661 1074 2714 ut

58 2747 215 2804 tormentis
245 2746 330 2804 salva
352 2747 392 2804 sit
420 2746 550 2821 iustitia,
580 2746 647 2820 plus
676 2749 734 2820 est,
763 2746 799 2805 de
830 2764 888 2822 quo
912 2747 1074 2820 quaeritur,

60 2854 150 2909 quam
170 2834 317 2909 quomodo
336 2834 536 2909 quaerendum
555 2837 606 2894 est.
648 2837 709 2893 iam
729 2835 851 2894 tandem
869 2834 1074 2894 infirmitatem

19 2944 47 2985 11
60 2942 157 2982 meam
186 2923 270 2982 vobis
294 2924 399 3000 allego.
444 2925 469 2981 si
496 2941 599 2981 vocem
621 2925 653 2981 in
679 2925 771 2982 eculei
794 2925 913 3001 ignibus
938 2926 1074 2999 amisero,

58 3016 161 3072 tamen
176 3011 245 3070 vidi.
283 3013 308 3070 si
321 3012 453 3087 undique
468 3012 608 3071 collectus
622 3012 707 3071 dolor
721 3013 869 3080 occiderit,
888 3017 988 3071 tamen
1003 3013 1072 3071 vidi.

133 3277 252 3338 equae:
272 3270 339 3339 quia
359 3280 386 3324 κ
484 3288 539 3324 111
562 3280 606 3323 VB
708 3271 847 3325 8desinit
867 3280 905 3336 κς
927 3274 970 3325 -11
994 3280 1039 3324 VB

64 3347 97 3395 17
117 3358 169 3411 ego
188 3357 253 3394 1111
274 3351 350 3395 1118
402 3342 604 3395 1111111111
655 3343 848 3396 sanctionem
865 3351 911 3395 VB
964 3348 1075 3411 271111

61 3411 260 3466 determinatio
279 3414 400 3467 11111111
419 3414 449 3466 in
463 3414 625 3467 servitutem
638 3413 763 3467 libertas.
795 3413 892 3466 Dives:
912 3431 967 3467 non
981 3414 1073 3467 minus

61 3485 160 3538 adeste
178 3483 294 3537 iudices.
323 3485 347 3537 si
361 3484 436 3537 enim
450 3484 533 3537 huius
546 3485 723 3554 protervitati
738 3485 930 3553 acquiescetis,
952 3488 1075 3540 vertetur

60 3556 92 3608 in
111 3553 271 3624 neglectum
288 3563 335 3611 act.
409 3560 442 3609 30
461 3572 557 3610 vocem
574 3573 670 3612 meam
688 3567 735 3611 va

113 3654 272 3702 Qrmrrnmar
283 3664 493 3698 111111111111111
508 3657 547 3700 ed.
561 3659 706 3702 Lehnert.
908 3648 950 3695 ‘bi‘
