2408 3840
369 135 603 191 DECLAMA'PIO
623 136 775 190 xlc-15.
1016 137 1079 202 201

63 303 174 363 aderet
195 304 257 378 ille,
281 305 382 380 quales
405 305 543 364 humanis
565 323 596 364 se
621 305 748 363 offerunt
771 306 865 364 oeulis
887 306 1012 381 propitii
1031 307 1082 381 dii,

64 393 157 469 quale
176 393 372 453 laetissimum
389 414 499 453 numen
517 396 572 468 est,
594 411 661 452 cum
680 413 710 453 se
733 395 849 469 patitur
866 396 968 454 uideri.
1007 396 1083 455 sieut

64 484 164 542 omnis
187 483 293 560 religio
315 484 504 559 templorum,
528 482 622 542 omnis
644 483 752 561 religio
775 484 921 558 lucorum,
948 503 1014 543 cum
1036 486 1082 543 ts·

64 590 155 631 euers
186 571 327 630 mortalis
354 575 385 631 et
410 573 530 648 profani
560 573 665 648 procul
693 591 827 631 erravere
854 572 976 632 sedibus
1001 576 1083 648 totis,

39 659 230 721 eselitudine
253 660 313 719 frui
335 663 366 720 et
388 660 424 720 de
447 663 508 719 suis
531 661 641 719 dieitur
664 663 742 720 exiro
765 662 943 736 simulacris,
970 664 1016 720 ite
1037 663 1082 720 iu·
1104 722 1114 745 ,·

66 750 152 808 venis
179 767 262 808 meus
285 750 421 809 noctibus
443 752 515 809 totis
540 749 648 827 agebat
669 749 764 808 filium
788 753 818 809 et
846 753 972 826 paterna
995 751 1082 811 domo

67 857 102 898 sc
133 838 293 913 penatibus
325 840 386 897 suis
417 839 573 897 fruebatur
603 839 739 914 placidus
767 841 797 898 et
824 841 907 898 mitis
935 842 965 898 et
994 842 1080 899 mat'

65 927 227 1003 propitius,
249 930 284 986 ut
305 947 413 986 numen
437 931 467 987 et
489 928 562 999 deus
584 927 683 987 delabi
706 928 852 987 sideribus
876 931 906 986 et
924 929 1024 987 venire
1048 928 1083 986 de

65 1015 185 1092 liquido
211 1034 345 1092 puroque
374 1022 440 1075 stre
467 1016 634 1076 videbatur.
681 1017 753 1092 quid
784 1017 928 1092 imprecer
959 1018 1083 1077 scelere-

25 1105 186 1165 letissimo
209 1103 311 1180 patri?
332 1105 470 1164 umbram
491 1105 618 1181 probare
641 1107 745 1164 voluit.
1124 1101 1126 1109 ’

135 1193 327 1268 Miseremini,
349 1194 469 1270 iudices,
492 1197 527 1253 ut
548 1195 604 1253 hoe
626 1195 741 1254 facinus
761 1195 870 1269 quibus
891 1194 1013 1269 debetis,
1037 1214 1083 1254 ce·
1098 1196 1136 1250 15

67 1283 191 1358 cipistis
213 1284 334 1358 animis,
355 1285 453 1342 maius
476 1284 648 1358 parricidio,
671 1286 777 1358 maius,
800 1303 891 1358 quum
913 1285 940 1343 si
961 1284 1016 1342 filii
1039 1303 1082 1344 se-

65 1372 203 1447 pulcrum
228 1372 362 1430 funditus
386 1373 510 1432 eruisset
533 1375 563 1431 et
581 1375 712 1432 sacratos
731 1375 825 1431 morte
848 1373 972 1449 lapides,
991 1375 1083 1433 etiam

68 1461 183 1520 cineres
206 1463 237 1519 et
259 1479 326 1520 osss
345 1463 484 1538 religiose
508 1462 690 1536 quiescentia
713 1463 809 1520 fracte
827 1463 983 1538 sparsisset
1000 1482 1082 1521 urna.

27 1569 53 1610 rs
69 1549 235 1608 advocatur
260 1551 348 1609 homo
377 1551 459 1610 cuius
488 1569 535 1610 ers
563 1554 609 1610 est
634 1551 678 1608 ire
706 1553 809 1609 eontra
839 1554 986 1610 usturam.
1033 1553 1084 1626 qui

67 1638 160 1698 simul
184 1657 233 1697 ore
254 1639 391 1714 squalido
413 1639 573 1698 barbarum
595 1659 729 1698 murmur
751 1640 895 1714 intonuit,
918 1640 1018 1699 favere
1036 1659 1084 1699 su-

65 1745 168 1804 peros,
197 1728 299 1786 audire
321 1729 445 1803 inferos,
471 1731 598 1787 tremere
620 1731 729 1801 terres,
751 1731 786 1786 ut
809 1729 1017 1804 experimentis
1040 1731 1083 1788 lo·

67 1818 225 1892 quentium
247 1817 328 1875 fama
347 1821 400 1891 est,
424 1817 559 1877 constitit
580 1817 666 1876 iuxta
686 1818 835 1875 tumulum
856 1817 1017 1877 miserrimi
1038 1821 1084 1876 iu-

66 1905 152 1964 venis
179 1924 258 1964 mors
286 1908 401 1964 certior.
449 1902 537 1965 ‘nunc
565 1902 692 1982 opinor',
723 1907 836 1982 inquit,
864 1902 985 1977 ‘arcens
1016 1926 1084 1966 mes
1161 1957 1162 1960 ,

27 1993 209 2055 sotenebrse
232 1994 371 2053 adiuvate
394 1996 522 2069 medies,
549 2015 628 2054 nunc
651 2015 736 2054 omne
763 1996 899 2071 pervium
921 2016 1031 2055 numen
1054 1998 1084 2055 et

67 2083 177 2159 religio
196 2102 286 2158 quum
303 2083 355 2143 isti
373 2085 487 2161 inrogo,
509 2084 632 2159 propius
651 2084 761 2159 adeste,
784 2086 954 2144 succurrite.
987 2087 1083 2161 magis

66 2173 145 2230 mihi
167 2172 363 2231 laborandum
387 2175 432 2232 est
453 2192 543 2249 quam
562 2192 628 2232 cum
647 2173 743 2232 sidera
761 2174 873 2232 mundo
890 2175 1084 2247 revelluntur,

68 2279 136 2320 cum
163 2260 303 2320 iubentur
329 2261 447 2321 hiberni
468 2261 628 2321 fluviorum
655 2265 734 2321 sture
760 2263 913 2336 decursus,
942 2281 1009 2320 cum
1031 2281 1083 2337 po·

66 2352 198 2410 tentiore
226 2351 363 2410 carminis
391 2371 504 2411 veneno
531 2351 604 2410 victi
635 2353 818 2427 rumpuntur
849 2350 881 2408 in
907 2370 974 2409 mea
1004 2361 1083 2410 stru-
1128 2352 1133 2358 '

26 2457 52 2499 11
66 2441 171 2498 menta
202 2443 361 2515 serpentes.
408 2440 617 2499 custodiendus
648 2443 693 2498 est
720 2441 849 2514 iuvenis,
882 2439 1083 2517 adsignandus

69 2530 116 2588 est
132 2528 236 2588 inferis
255 2531 285 2587 et
299 2528 482 2588 densioribus
496 2529 652 2606 transfuga
670 2528 850 2588 claudendus
869 2533 914 2588 est
931 2525 1082 2590 tenebris.'

141 2809 157 2856 3
177 2794 497 2874 templorum-religit)
512 2811 611 2872 011111,
630 2805 694 2858 add.
709 2826 740 2857 m
791 2822 865 2859 cum:
886 2807 979 2876 0⁴}(on
994 2807 1040 2876 er.)
1056 2815 1087 2858 Μ

67 2874 218 2944 4profsni
237 2887 264 2929 s:
283 2875 409 2944 profanis
428 2898 450 2928 ω
515 2881 594 2930 tac:
615 2877 644 2930 et
661 2886 714 2928 BV
764 2879 887 2940 matres
951 2882 1084 2947 9puero-

67 2962 124 3014 que
141 2955 171 2999 B
255 2953 287 3000 11
311 2948 355 3000 ut:
379 2949 409 3000 et
430 2957 451 2999 V
533 2952 566 3000 12
589 2947 694 3001 maius:
718 2948 808 3017 magis
831 2958 852 3000 V
867 2949 908 3003 bis
992 2949 1084 3002 mcius

67 3019 112 3070 est
129 3017 282 3086 parricidio
301 3027 333 3070 Μ
420 3018 443 3071 si
461 3036 512 3073 om.
525 3028 555 3072 B
644 3025 676 3073 13
700 3017 828 3072 funditus
848 3020 967 3073 eruisset
985 3037 1034 3074 om.
1049 3029 1084 3084 B,

66 3090 99 3142 iu
118 3105 204 3159 musy.
223 3090 321 3143 addo
402 3095 436 3143 14
455 3090 580 3158 quiescis
599 3099 639 3155 Μ,
662 3106 712 3144 cen
731 3107 805 3158 supr.
821 3112 853 3142 m
939 3097 971 3144 16
990 3090 1084 3144 favere

68 3161 226 3215 Meursics:
245 3159 344 3214 fallere
363 3182 398 3227 ως
421 3161 527 3230 pallere
545 3161 689 3216 Leideusis
707 3165 725 3214 9
797 3162 891 3230 coegit
904 3167 968 3230 post
985 3160 1084 3214 fellere

67 3229 167 3284 adue
246 3248 372 3302 superos:
397 3249 427 3286 os
450 3243 480 3299 νς
504 3233 638 3302 superbos
662 3232 690 3301 (b
710 3249 743 3286 ex
760 3232 790 3301 h)
810 3243 841 3285 11
920 3232 1083 3300 1111111111-

66 3303 165 3356 mento
183 3301 242 3357 scs.
312 3308 344 3356 19
364 3303 475 3372 opinor:
495 3306 641 3373 opertses
704 3304 826 3357 archana
839 3313 909 3355 Bro
974 3309 1083 3356 2011111-

68 3373 135 3427 dica
149 3374 227 3428 Dese.
236 3392 265 3442 p.
277 3379 343 3429 100:
362 3390 407 3428 me
426 3375 553 3445 dignos
626 3381 658 3428 21
679 3373 765 3427 istum
783 3392 850 3444 rogo
870 3396 888 3426 α
942 3374 1040 3428 edesse
1059 3384 1087 3427 Ρ

68 3450 104 3498 24
126 3461 197 3498 veno
217 3455 259 3512 111,
283 3461 317 3499 en
335 3462 410 3515 supr.
425 3467 456 3498 m
546 3452 579 3500 25
603 3446 755 3499 iuvenis—
766 3445 938 3500 claudendus
957 3447 1000 3499 est
1018 3446 1084 3500 126

67 3534 120 3572 om.
136 3525 173 3582 M,
192 3518 271 3584 iufra
290 3517 353 3572 odd.
368 3538 400 3568 m
471 3523 505 3570 26
525 3516 730 3589 dempsioribus
752 3527 773 3570 v
