2408 3840
145 129 210 193 350
440 124 591 201 11111111
610 124 650 177 nr
663 123 822 178 11111111
840 123 867 177 11

145 299 228 371 scira,
250 296 367 370 mulier,
391 315 430 354 an
452 297 594 369 mentiar,
618 294 687 370 sais,
711 292 784 368 quid
811 292 928 352 dixerit.
971 293 1045 369 quid
1067 291 1159 352 dixit?

144 387 227 444 nihil.
270 385 342 460 quid
361 383 457 443 dixit?
480 386 588 443 omnia.
633 383 791 442 maledixit
808 383 936 457 saeculo,
958 384 1033 442 fecit
1049 385 1157 460 tempo

144 477 227 534 ribus
240 474 394 548 invidiam,
414 473 579 532 detestatus
594 474 639 531 est
655 475 781 548 patrem,
799 472 986 531 conviciatus
1005 476 1052 532 est
1064 474 1157 531 matri

146 565 218 640 quid
241 561 338 621 dixit?
360 564 428 639 plus
452 581 541 638 quam
564 562 794 639 interrogabam
836 562 947 636 vicist,
972 561 1091 636 mulier,
1113 561 1157 619 ot

145 655 337 713 stinationem
360 672 464 711 meam.
508 651 580 710 audi
602 651 689 710 breve
717 652 959 726 succinctumque
987 667 1186 727 responsumi

146 744 217 818 quid
241 741 362 800 dixerit:
387 741 464 816 quod
489 741 616 816 quaeris,
640 740 719 816 quod
741 742 838 815 putas.

93 832 130 888 15
215 830 288 890 Osi
315 832 381 905 quis
411 832 443 887 in
472 831 558 888 illam
587 847 640 888 vos
670 831 776 889 secreti
808 830 905 888 nostri
933 831 1084 906 potuisset
1112 828 1157 887 ad·

145 921 246 979 hibere
273 919 486 995 praesentiam!
526 917 677 978 vidissetis
704 937 816 977 novum
843 937 936 995 genus
964 919 1157 994 quaestionis:

146 1010 262 1069 stabam
280 1027 368 1067 senex
385 1008 472 1064 furiis
490 1009 674 1066 monstrosae
695 1007 824 1066 feritatis
843 1009 1005 1082 accinctus,
1027 1005 1157 1066 manibus

146 1100 262 1172 exertis,
285 1097 353 1154 hinc
376 1096 508 1173 ignibus,
533 1096 602 1154 hinc
624 1096 795 1155 verberibus
819 1099 966 1156 armatis:
990 1114 1187 1173 superorare

146 1206 234 1263 super
252 1185 352 1245 oeulos
371 1184 495 1245 iacentis
515 1185 661 1244 adsistens
680 1184 859 1245 clamabam:
883 1181 1017 1260 ‘furiosa
1036 1186 1157 1258 demens,

147 1270 231 1336 tace.’
275 1276 305 1333 et
327 1274 378 1333 ille
401 1275 485 1333 volut
508 1276 618 1334 exustis
642 1275 876 1350 amputatisque,
902 1293 956 1349 per
981 1293 1058 1349 quae
1080 1273 1158 1333 dolor

146 1367 207 1423 exit
236 1367 267 1422 in
296 1364 401 1436 rerba,
431 1364 490 1422 fuit
520 1363 678 1438 attonitus,
708 1381 817 1422 amens,
864 1365 1004 1438 quotiens
1035 1363 1157 1422 admotis

146 1452 264 1530 ignibus
288 1453 326 1511 ad
356 1453 488 1528 aliquam
516 1453 647 1527 corporis
677 1454 794 1528 partem
822 1453 921 1510 totum
950 1455 1057 1528 pectus
1080 1454 1157 1526 inpo-

147 1540 228 1601 suit?
252 1541 387 1617 quotiens
410 1542 496 1600 hiatu
520 1541 579 1600 oris
598 1541 684 1600 avide
702 1541 837 1599 flammas
860 1541 1004 1600 adversus
1027 1541 1186 1600 exeuntiaa

147 1630 237 1689 verba
260 1629 402 1708 collegit?
443 1649 510 1689 eum
533 1649 602 1689 vero
625 1632 687 1688 iam
710 1633 791 1689 totus
816 1629 897 1689 calor
919 1629 1094 1689 verberibus
1115 1648 1156 1688 ex-

146 1721 249 1794 pulsus
272 1721 385 1779 viribus
408 1721 563 1779 novissimi
582 1719 691 1778 doloris
711 1721 886 1795 erumperet,
908 1721 1103 1795 pertractatis
1125 1717 1157 1776 ab

146 1811 208 1867 ima
239 1811 367 1884 pectoris
397 1812 482 1885 parte
512 1809 647 1884 suspiriis
679 1809 851 1868 brevissime
881 1809 1002 1866 collecti
1033 1809 1157 1884 spiritu,

148 1899 199 1956 ille
223 1917 281 1972 quo
303 1898 438 1956 redditur
466 1898 578 1972 anima,
609 1898 770 1975 singultus,
800 1898 858 1957 fuit
887 1898 996 1956 similis
1020 1898 1157 1957 exclama·

147 1991 214 2046 turo
238 1987 336 2047 nascio
360 1987 445 2061 quid,
469 1987 547 2061 quod
572 1990 601 2045 et
623 1988 658 2045 tu
680 1987 815 2046 fortassis
842 1987 969 2047 audires.
1013 1986 1186 2062 occuparia

146 2078 252 2150 fateor,
276 2078 305 2134 et
328 2075 481 2134 advocatis
506 2094 579 2149 quas
602 2078 663 2134 iarn
682 2094 929 2152 consumpseram,
952 2076 1080 2151 viribus,
1101 2094 1156 2133 ma·

147 2166 247 2239 nibus,
273 2165 355 2238 talia,
385 2166 508 2239 totoque
541 2184 662 2240 corpore
689 2167 803 2242 pariter
831 2165 967 2239 adnisus,
1002 2169 1156 2240 antequam

147 2254 331 2327 mentiretur,
355 2253 456 2312 occidi.
498 2255 606 2313 misera
628 2256 771 2329 temporis
798 2253 880 2312 illius
903 2254 1088 2313 recordatio:
1114 2253 1154 2311 de

147 2343 294 2401 ficientem
312 2345 343 2400 in
362 2342 500 2401 manibus
519 2345 591 2402 mais
610 2342 705 2400 filium
717 2343 795 2420 ridi,
817 2345 919 2419 aspexi
937 2361 992 2402 ora
1009 2344 1154 2420 pallentia,

147 2431 270 2509 frigidos
294 2432 456 2506 anhelitus,
482 2433 652 2506 interrupta
680 2432 808 2508 suspiria
836 2434 865 2491 et
892 2434 1027 2492 animam
1054 2444 1180 2510 magnos

147 2521 264 2580 silentio
289 2524 455 2595 exeuntem,
485 2524 666 2580 nontamen
689 2523 838 2580 tormenta
867 2522 982 2595 laxavi,
1012 2541 1074 2581 non
1097 2520 1154 2581 sul

146 2612 226 2668 traxi
252 2611 433 2685 restinxique
462 2610 603 2668 flammas.
645 2611 797 2685 miserere,
823 2611 944 2686 mulier,
971 2631 1010 2670 ne
1038 2628 1155 2686 quaeras

148 2701 275 2774 amplius
305 2717 407 2757 vocem
438 2700 526 2758 huius
556 2698 697 2758 adfectus.
749 2699 858 2773 filium,
888 2701 940 2776 qui
969 2701 1154 2772 moriebatur,

219 2940 318 3007 liquid
332 2940 452 3008 quaeris,
467 2940 536 3008 quid
550 2962 584 3006 ω;
599 2952 695 2994 eorm
748 2904 868 3007 putdtB
926 2941 1060 2995 isecreti
1073 2939 1156 2995 nostri

147 3014 190 3078 (ex
205 3010 347 3080 meiguod
364 3013 425 3081 del.)
438 3028 486 3065 vos
502 3021 532 3063 Β
594 3016 610 3065 8
628 3011 756 3065 vidisetis
770 3020 834 3078 ΒΜ,
853 3027 921 3065 corr.
936 3021 987 3064 om
1049 3019 1066 3066 9
1084 3029 1155 3066 mon·

147 3085 273 3135 struosae
289 3092 314 3135 J
365 3099 425 3137 sac·
438 3085 479 3137 cel
491 3082 665 3137 saeveritatis
679 3093 707 3136 Β
761 3088 794 3136 10
809 3082 927 3137 exsertis
941 3092 970 3135 P
1021 3083 1155 3138 111111111-

146 3187 397 3258 heribuseapr.1i
457 3155 528 3243 hora
551 3200 579 3243 Β
657 3196 688 3243 11
709 3190 834 3243 iacentes
853 3198 881 3241 Β
959 3195 993 3244 13
1019 3189 1155 3255 admontis

146 3269 204 3312 ΒΒ
283 3266 314 3313 16
334 3262 421 3316 calor:
440 3261 498 3316 lea
517 3278 583 3317 corr.
599 3271 627 3314 Β
704 3267 736 3314 11
752 3247 933 3335 1111111οῇ111
950 3270 989 3329 Β;
1010 3262 1156 3332 protractis

147 3332 202 3384 Ba.
264 3336 296 3384 18
311 3333 441 3404 collecti}
459 3335 482 3402 (s
496 3336 542 3402 er.)
562 3343 594 3386 Β
651 3338 683 3386 19
703 3333 811 3386 animas
830 3331 953 3387 incultus
971 3342 1001 3387 Β
1057 3339 1092 3386 12
1111 3333 1156 3386 ad-

146 3402 247 3455 missus
267 3425 297 3470 c3
321 3405 413 3458 avisus
433 3414 460 3458 P
547 3411 580 3458 25
603 3403 745 3458 hanelitns
767 3414 794 3456 Β
876 3407 999 3476 niagno}
1022 3407 1045 3475 (1
1064 3407 1158 3474 1111

147 3513 180 3561 26
199 3478 339 3564 tormanta
359 3521 386 3565 Β
473 3517 506 3565 27
525 3511 711 3579 restrinxiqua
729 3533 752 3564 ω
770 3516 836 3582 (que
858 3513 891 3566 ia
909 3529 964 3568 raa
985 3513 1039 3582 η
1056 3529 1156 3573 eorm
