2406 3832
362 163 597 219 DECLAMATIO
616 163 680 218 XIX
695 169 771 218 1-2.
1010 167 1075 232 337

64 335 249 410 necessitatis
276 333 410 393 ordinem
436 334 482 393 fas
510 337 587 394 esset
613 333 725 394 intrare
753 336 783 393 et
810 338 870 395 oris
897 335 985 395 huius
1010 355 1075 413 pre·

64 442 144 482 mere
171 425 323 483 secretum.
369 425 496 482 miratur
522 423 598 483 hanc
622 423 732 498 aliquis
757 424 936 499 patientiam
957 425 1075 485 meam?

66 513 153 571 ardor
178 512 230 571 ille
259 515 311 588 qui
336 531 383 571 me
410 513 498 571 modo
525 512 641 590 inpegit
666 514 697 570 in
725 512 834 588 filium,
861 515 927 589 ipsa
951 516 998 573 sui
1019 518 1074 575 im-

64 601 210 660 manitate
242 603 434 677 consumptus
467 603 520 661 est.
565 602 707 677 quicquid
732 621 884 679 erumpere
916 608 1017 679 posset
1042 608 1075 664 in

17 691 336 767 ¹sproclamationem,
359 691 520 766 panioidio
543 694 695 766 peractum
721 694 774 766 est,
797 692 829 749 in
855 692 983 752 orbitate
1007 713 1074 753 con·

63 781 160 839 ticuit.
205 799 266 838 non
288 779 383 838 habeo
406 779 565 854 adfectum,
589 780 649 839 nisi
672 799 730 856 quo
754 783 1001 840 cuncta'tantum
1023 803 1075 859 pa·

63 871 132 943 tiar,
159 869 291 943 audiam,
319 870 422 927 feram.
468 873 628 943 utrumque
650 869 686 928 de
708 869 771 929 filio
798 869 864 928 fieri
885 889 945 929 non
967 873 1075 946 potest,

64 961 98 1017 ut
121 960 151 1018 et
169 957 324 1016 occiderim
344 961 375 1017 et
392 958 489 1017 fatear
511 977 563 1017 cur
583 960 725 1018 meruerit
747 959 849 1018 occidi.
886 963 1075 1036 quapropter,

63 1047 189 1122 iudices,
222 1049 294 1106 satis
327 1047 482 1122 admirari,
514 1049 587 1106 satis
615 1049 733 1124 stupere
761 1067 821 1107 non
848 1067 969 1125 possum
996 1051 1076 1126 qnod

12 1156 48 1197 ‚ro
61 1136 169 1195 mulier
201 1137 284 1195 cuius
315 1139 434 1212 praeter
465 1138 609 1212 optimam
641 1155 712 1195 sane
747 1138 958 1197 conscientiam
989 1157 1075 1198 sexus

62 1245 179 1301 quoque
202 1227 345 1284 maiorem
367 1226 454 1284 malis
472 1228 582 1286 nostris
604 1226 748 1301 pudorem
769 1230 922 1302 praestare
940 1227 1075 1303 debebat,

61 1316 160 1373 tacere
182 1334 242 1373 non
265 1318 364 1390 potest
387 1314 538 1374 silentium
560 1335 667 1374 meum.
713 1335 791 1375 novo
815 1318 887 1391 quin
909 1319 1001 1376 immo
1028 1319 1071 1375 fa·
1092 1318 1110 1373 2

61 1403 225 1479 bulosoque
252 1422 351 1462 seeum
382 1404 578 1480 inpatientiae
610 1423 716 1482 genere
749 1404 893 1464 dissentit.
940 1407 1075 1483 queritur

62 1492 99 1552 de
121 1494 232 1568 populo
256 1493 335 1568 quod
357 1494 507 1569 loquatur,
530 1493 565 1552 de
588 1496 673 1570 patre
693 1494 772 1570 quod
790 1496 896 1554 taceat.
933 1514 987 1555 nec
1006 1515 1073 1556 oon·

10 1601 46 1643 ro
61 1585 145 1641 tenta
173 1582 355 1641 confessione
382 1583 485 1642 mariti
512 1582 588 1641 nihil
615 1602 646 1642 se
674 1583 873 1659 dissimulare,
900 1586 977 1644 nihil
1000 1586 1074 1646 scire

60 1672 161 1730 reatus
184 1673 364 1731 auctoritate
386 1672 526 1731 testantis
548 1673 665 1732 mavult
688 1672 724 1731 de
747 1673 864 1732 silentio
886 1693 953 1733 meo
976 1675 1074 1735 facere

61 1765 212 1820 secretum.
251 1760 388 1820 orbitatis
414 1762 497 1820 istud
521 1761 652 1820 amentia
674 1764 714 1821 sit
737 1779 776 1819 an
798 1764 982 1838 innocentia,
1007 1785 1073 1841 per·

60 1849 140 1909 ditus
164 1850 248 1909 dolor
270 1849 387 1909 viderit.
423 1852 517 1926 ipsius
541 1853 656 1909 animus
679 1853 779 1927 potest
801 1853 875 1912 scire
899 1853 972 1927 quid
994 1853 1073 1912 filius

60 1958 142 1998 meus
165 1939 285 2013 dixerit,
310 1958 386 2014 quae
413 1959 461 1998 me
488 1942 577 2015 putat
598 1940 707 1999 habere
730 1940 809 2014 quod
834 1940 939 2000 dicam.
985 1942 1073 2000 fidem

17 2049 47 2089 ao
60 2027 155 2105 igitur
177 2031 320 2102 vestram,
343 2028 468 2102 iudices,
495 2048 532 2087 ne
555 2047 608 2088 vos
631 2028 768 2087 orbitatis
791 2029 981 2089 miseratione
1004 2050 1072 2090 con-

59 2117 167 2176 fundat
189 2118 253 2176 sola
276 2120 387 2190 mater,
414 2137 489 2176 neve
511 2119 658 2176 maximae
681 2117 863 2177 calamitatis
887 2118 931 2176 ibi
953 2121 1073 2179 tantum

59 2209 171 2282 putetis
202 2206 345 2264 resedisse
376 2224 495 2264 sensum
527 2205 604 2264 unde
631 2225 683 2265 vos
715 2206 857 2265 lacrimae
884 2210 1072 2283 gemitusque

60 2297 246 2354 conveniunt.
283 2296 342 2352 mei
364 2294 460 2372 magis
479 2294 591 2353 debetis
614 2295 646 2351 in
665 2297 763 2354 uxoris
783 2298 994 2370 conparatione
1017 2300 1072 2356 mi-

59 2387 149 2442 sereri
173 2385 224 2459 qui
246 2383 342 2442 filium
366 2387 395 2442 et
417 2383 534 2460 perdidi
562 2385 592 2442 et
619 2384 720 2442 occidi.
758 2402 812 2461 ego
836 2402 903 2443 sum
924 2386 1072 2446 infelicior

16 2492 45 2534 aa
59 2493 93 2531 ex
112 2472 284 2547 parentibus
304 2472 418 2531 duobus
438 2473 489 2548 qui
508 2472 657 2549 quioquid,
680 2473 801 2547 indicae,
823 2475 884 2532 ista
907 2476 1072 2551 conploret,

60 2562 89 2619 et
111 2563 211 2637 patior
234 2565 263 2620 et
281 2562 347 2622 feci.
384 2563 502 2622 felicem
523 2563 710 2640 ignorantiae
731 2563 944 2622 conscientiam
966 2567 1071 2624 matris

60 2669 135 2725 quae
154 2650 264 2710 sufficit
282 2653 474 2729 interrogare.
511 2652 608 2711 maior
625 2671 672 2710 me
689 2652 879 2726 inpatientia,
896 2655 993 2712 maior
1010 2656 1072 2712 urit

131 2839 208 2894 ifaa
227 2858 260 2895 coc
278 2840 326 2894 fax
340 2850 372 2893 M
423 2843 511 2894 sessct
529 2850 551 2893 V
599 2840 674 2893 horis
693 2849 715 2892 V
763 2839 839 2894 intra
851 2841 974 2908 pectoris
987 2841 1071 2894 huius

58 2928 183 2980 premere
202 2914 339 2966 secretum
357 2913 412 2965 Bu.
468 2911 629 2980 aaliquam
647 2920 684 2977 Β,
703 2927 772 2966 corr.
786 2933 819 2964 n
877 2912 942 2964 3in
960 2929 1035 2980 supr.
1054 2921 1076 2964 V

58 2985 218 3037 beonticui
238 2984 286 3037 Gr.
373 2982 484 3051 bquod
502 2992 534 3042 Β
616 2983 680 3035 Set
698 2989 762 3036 cote
785 2982 936 3036 occiderim
955 3001 1030 3051 capr.
1047 2993 1074 3036 Β

59 3055 238 3108 9ammirari
255 3063 319 3117 BVc
374 3057 407 3106 10
426 3053 562 3107 obtimam
580 3062 630 3105 VM
688 3058 720 3106 11
742 3053 844 3108 debeat
861 3063 889 3106 Β
950 3060 983 3107 14
1002 3054 1071 3123 quid

45 3124 228 3194 loquaturV
281 3125 506 3191 contemptam
564 3129 597 3177 17
618 3122 841 3178 aninnocentia:
857 3126 1074 3179 innocentiam

60 3237 92 3286 18
112 3231 205 3285 dolere
224 3240 256 3284 Β
328 3211 437 3296 anim¹da
455 3240 483 3283 Β
554 3236 587 3284 19
606 3247 651 3284 me
669 3232 701 3284 ia
718 3237 920 3286 correcturum
987 3234 1071 3300 puta-

57 3302 108 3356 bat
125 3312 154 3355 Β
241 3307 275 3354 20
294 3303 417 3355 vestrum
435 3311 456 3354 V
541 3308 574 3355 22
593 3318 654 3355 vos:
673 3301 718 3356 vel
736 3319 786 3356 nos
805 3324 837 3354 m
854 3304 886 3356 in
904 3320 1000 3374 mara,
1018 3320 1071 3357 vox

42 3388 197 3464 ‘raamias
266 3413 301 3461 24
320 3426 381 3461 sum
395 3426 446 3464 om.
460 3418 481 3461 V
551 3415 584 3463 25
604 3374 739 3477 quicqnid
756 3419 784 3462 Β
832 3402 833 3406 ¹
854 3409 964 3462 iudices
980 3427 1037 3462 ora.
1052 3419 1078 3459 n

58 3484 91 3533 26
111 3482 140 3532 et
157 3487 220 3534 ante
237 3479 293 3534 feci
312 3497 362 3534 om.
388 3489 409 3534 V
493 3480 661 3558 ignorattia
676 3497 716 3536 ne
736 3491 776 3549 B,
796 3479 969 3552 ignorantie
987 3485 1038 3527 nu

46 3549 147 3601 matris
164 3552 406 3620 conscientiamc
481 3561 515 3611 27
534 3557 683 3613 maiorem
697 3557 732 3610 et
746 3555 815 3624 inp.
830 3561 880 3606 BV
965 3597 967 3601 ·

89 3644 255 3691 Qmmuur
268 3662 489 3702 ntcnnunrrorna
506 3661 543 3703 ed.
555 3661 709 3703 Lahnert.
923 3639 971 3688 Ἦ·
