2406 3832
378 105 612 161 Duomrffllo
631 105 682 160 VH
696 112 791 161 9-11.
990 115 993 120 ’
1029 109 1093 172 143

76 275 212 336 occidere
230 276 274 336 sic
292 295 398 352 operae
416 274 547 351 pretium
565 278 617 350 est,
640 274 667 335 si
684 275 761 334 illud
779 279 842 352 ipse
861 277 961 336 facies.
994 276 1094 352 perdit

75 365 241 443 plurimam
264 365 299 424 de
321 364 480 424 sceleribus
502 362 690 441 voluptutem
713 367 764 441 qui
786 365 919 440 mandet,
942 368 972 425 et
993 368 1092 426 minus

75 457 195 534 greliee
221 454 309 514 rebus
337 472 372 512 ex
399 455 504 513 nuntio
527 454 618 513 venit.
664 453 778 512 occidet
805 454 883 514 elius
910 456 940 513 te
963 455 1092 530 iubente,
1171 527 1174 534 Ι

74 544 130 607 sed
152 543 324 604 vulneribus
346 543 409 603 illis
431 562 491 603 uon
518 544 654 602 fruentur
680 544 772 618 oculi,
799 543 850 602 sed
876 544 945 620 plus
973 547 1030 619 est,
1058 547 1093 603 ut

75 632 260 711 singultibus
287 631 424 692 abeuntis
451 634 582 706 enimes,
608 634 643 690 ut
672 651 775 691 cruore
802 632 932 708 satieris,
962 635 997 691 ut
1023 652 1091 692 con-

75 724 198 800 lapsum
219 721 477 798 palpitantemque
500 721 614 795 videas,
640 723 677 781 ut
698 741 745 780 me
770 722 897 781 vidente.
943 723 1091 799 convenit,

74 811 200 885 iudices,
224 810 303 886 quod
324 811 388 887 ipse
409 811 492 871 dives
513 811 570 870 hoc
592 811 673 886 fecit,
696 814 727 870 et
745 810 824 886 quod
842 830 897 888 ego
915 810 991 870 vidi:
1013 810 1091 870 ratio

75 901 223 961 saevitiae
241 902 295 975 est,
316 902 353 958 ut
371 900 481 976 eliquis
500 917 600 959 corum
616 919 663 959 me
683 900 842 974 occidatur,
864 902 987 976 propter
1005 919 1092 975 quem

76 989 233 1051 occiditur.

145 1077 251 1137 Fidem
277 1081 419 1151 vestram,
446 1077 571 1151 iudices,
598 1097 636 1137 ne
658 1098 705 1137 me
731 1078 798 1137 ideo
826 1096 886 1136 non
911 1077 1024 1154 putetis
1047 1076 1090 1136 vi-
1107 1076 1145 1133 11

77 1168 167 1242 disse,
192 1169 262 1242 quie
284 1166 360 1225 nihil
377 1166 443 1225 feci.
479 1167 664 1226 servulorum
682 1168 738 1226 iste
756 1166 990 1243 libertorumque
1008 1167 1092 1226 dolor

77 1259 125 1319 est
143 1258 241 1316 occiso
259 1256 377 1314 homine
396 1258 499 1316 stetim
517 1255 591 1315 scire
610 1255 684 1332 quid
703 1256 805 1330 fecies,
829 1257 1002 1331 exclamare,
1024 1276 1091 1332 pro-

76 1364 210 1419 currere,
241 1344 330 1404 fidem
356 1345 478 1404 deorum
506 1346 718 1421 hominumque
745 1344 862 1420 testeri3
891 1348 995 1421 postee
1025 1364 1092 1404 cum

75 1435 211 1497 lacrimis
228 1435 305 1494 reni.
340 1435 432 1494 vultis
450 1451 651 1510 percussorem
668 1432 829 1493 invedem?
865 1436 957 1494 vultis
976 1434 1092 1512 fugien-

74 1528 140 1585 tem
172 1521 302 1598 sequar?
346 1523 466 1582 interim
497 1522 681 1582 deficientem
708 1522 776 1599 quis
803 1522 950 1599 excipiet?
981 1526 1030 1605 cui
1060 1543 1092 1583 se

74 1614 234 1677 morientis
256 1611 387 1698 inponet·
401 1609 580 1672 infirmitas?
616 1614 673 1671 scis
696 1613 838 1688 profecto,
861 1631 1024 1689 percussor,
1047 1613 1091 1671 fe-

75 1705 163 1764 ciuus
197 1701 345 1778 ordinere,
378 1701 540 1778 disponere.
587 1700 683 1761 filium
714 1701 845 1761 occidere
875 1721 975 1762 eorem
1006 1704 1092 1778 petre

73 1793 225 1853 secretum
248 1793 300 1850 est.

144 1879 335 1955 Miseremini,
352 1879 472 1955 iudices,
489 1880 593 1958 igitir,
611 1881 645 1938 ut
663 1879 732 1938 hinc
750 1899 867 1956 quoque
885 1881 985 1940 velitis
1004 1882 1091 1939 eesti·

71 1989 161 2033 mare
186 1968 287 2027 divitis
311 1972 529 2043 conscientiam,
552 1968 632 2044 quod
655 1971 809 2028 contentus
833 1972 890 2044 est,
913 1989 950 2028 ne
973 1969 1008 2026 de
1032 1987 1091 2028 sce·

71 2062 140 2120 lere
164 2059 333 2132 quaeretur.
369 2058 542 2117 nonhabet
564 2057 703 2116 fiduciam
724 2058 853 2117 hominis
872 2061 924 2134 qui
946 2077 993 2116 me
1017 2059 1092 2116 sciet

70 2144 222 2209 mentiri?
249 2149 279 2205 et
302 2148 381 2223 quod
407 2165 467 2207 uon
494 2148 592 2206 minus
619 2147 731 2205 debetis
760 2147 926 2222 attendere,
954 2164 1044 2221 quem
1066 2145 1092 2204 si

69 2238 235 2310 fateretur,
257 2253 316 2294 non
338 2239 428 2312 putet
450 2236 507 2296 sibi
530 2236 655 2310 salvum,
678 2238 714 2294 ut
736 2236 844 2294 iterum
866 2237 961 2314 neget.
1007 2233 1092 2292 dissi·

69 2326 176 2387 mules
190 2325 270 2399 lieet,
283 2344 342 2383 non
360 2328 405 2386 est
423 2325 610 2384 innocentiae
628 2326 734 2398 metus,
753 2344 819 2384 cum
837 2326 981 2383 timentur
994 2323 1092 2382 eliens

69 2414 237 2477 tormenta„
274 2415 347 2490 quid
364 2417 409 2473 eit
427 2412 529 2474 dives?
565 2412 725 2472 orbitatem
746 2433 844 2472 meum
865 2412 897 2471 in
915 2413 976 2471 tele
999 2431 1091 2489 genus

69 2521 226 2577 usumque
253 2505 417 2578 convertet,
449 2505 475 2562 si
501 2504 620 2579 paterni
647 2502 757 2562 doloris
788 2503 949 2562 auctoritas
977 2501 1092 2561 fecinus

70 2587 182 2673 (tibi)
195 2591 325 2670 inpingit
339 2590 491 2651 alienum?
523 2591 629 2650 deinde
642 2611 702 2650 non
715 2591 779 2667 ipse
792 2591 880 2650 effers
894 2592 1018 2664 eculeos,
1032 2609 1092 2648 uon

70 2683 143 2761 ipse
162 2680 295 2757 disponis
312 2678 416 2759 ignes?
452 2680 579 2744 dicerem
598 2681 778 2740 mehercules
796 2682 826 2739 tc
845 2681 921 2740 velle
944 2679 1091 2754 torqueri;

74 2790 134 2851 ego
163 2769 265 2829 scindo
292 2772 401 2844 vestes,
428 2771 463 2830 tu
489 2770 680 2845 intremiscis‚
711 2789 765 2849 ego
796 2770 834 2829 ed
863 2769 983 2848 flogella
1011 2769 1091 2828 nudo

73 2877 202 2936 eorpus,
224 2861 254 2917 te
278 2859 352 2918 feeit
372 2859 471 2935 pellor
493 2860 670 2933 exanimem,
693 2877 748 2936 ego
772 2860 899 2934 eculeoS,
926 2876 979 2936 ego
1002 2877 1092 2934 posco

150 3035 166 3083 2
192 3027 345 3098 plurimum
369 3038 454 3093 urso·
464 3030 543 3084 Dese.
554 3045 583 3096 p.
597 3031 635 3081 97
741 3027 917 3097 voluptatum
941 3027 1019 3082 Dese.

79 3103 226 3171 agreciee
240 3099 353 3169 greciee
370 3109 393 3151 V
443 3099 623 3153 econvenite
640 3108 663 3150 V
708 3099 902 3153 8seevitie11
946 3097 1056 3152 occidet
1074 3107 1096 3150 V

80 3171 215 3227 ll'dolor
230 3173 284 3225 est:
304 3170 427 3225 dolorem
447 3180 478 3223 Μ
530 3175 564 3224 14
581 3169 677 3225 venire
695 3179 716 3221 V
767 3176 799 3224 16
817 3169 940 3223 fecimus:
959 3171 991 3223 iu
1004 3186 1090 3240 more.

80 3280 286 3334 monosculi
339 3282 372 3330 19
392 3257 565 3332 estimerels
617 3281 919 3340 romeammeume
971 3275 1091 3331 intele:

80 3349 165 3405 vitele
185 3358 212 3401 Ρ
271 3348 676 3416 erubiaod.1)ee.;om.e
730 3347 824 3402 eufers
841 3357 867 3400 J
917 3352 951 3400 28
970 3346 1092 3401 dicerem

79 3423 171 3477 Dese:
192 3419 284 3474 dicere
303 3440 322 3472 α
340 3419 380 3488 (in
398 3419 510 3474 elith
524 3420 570 3474 dic
588 3436 633 3476 me
650 3437 724 3489 erepr.
739 3423 781 3490 m)
796 3432 826 3487 σς
845 3418 952 3472 discere
970 3432 997 3484 e3
1016 3419 1091 3474 dice-

78 3508 121 3547 res
139 3505 175 3556 ys
248 3496 281 3545 29
301 3490 474 3546 intremescis
491 3502 520 3545 Β
