2408 3840
396 163 630 220 1111011111Ήο
649 165 700 219 xli
715 170 826 220 11-13.
1050 165 1116 230 229

104 305 256 393 existimas
283 335 360 394 hanc
387 318 494 412 legatis
522 333 587 392 dari
609 334 752 410 peccandi
778 336 943 408 licentiam,
969 336 1003 392 ut
1027 353 1116 409 quae-

104 442 219 500 cunque
238 424 350 482 scelera
367 423 399 480 in
418 441 452 482 eo
471 422 569 482 officio
593 426 810 499 commiserunt,
830 443 897 484 cum
914 425 961 482 his
980 422 1116 482 omnibus

102 513 158 571 hac
181 532 243 572 una
269 513 334 591 lege
357 509 515 572 decidant?
560 513 726 571 onimium
748 513 939 572 invidendum
965 512 1052 572 huius
1075 513 1116 572 le-

103 601 234 680 gationis
262 601 478 676 condicionem,
500 603 527 660 si
548 601 605 660 tibi
628 605 658 660 et
680 603 790 662 famem
817 604 932 661 remisit
959 604 989 660 et
1011 603 1116 679 legem.

78 707 89 748 1
171 690 231 750 Sed
258 693 417 750 erraverim
449 708 533 765 sane,
559 693 602 764 et,
630 691 840 766 quianullum
863 693 895 750 in
922 692 986 750 foro
1014 693 1116 749 nostro

101 779 248 838 iudicium
274 780 346 855 fuit,
369 779 562 839 desuetudine
584 780 650 855 ipsa
672 782 740 839 iura
763 780 932 840 exciderint.
969 779 1116 855 quomodo

101 869 200 946 legem
222 886 321 927 meam
348 867 475 947 effugis?
519 888 590 927 nam
616 869 673 928 nisi
698 869 786 929 malis
814 872 932 944 stupeo,
960 868 1018 927 duo
1046 867 1170 927 111118

102 959 224 1017 omnino
243 957 368 1034 quaein
387 956 532 1017 eiusmodi
554 957 675 1017 crimine
695 959 798 1033 quaeri
821 958 949 1017 soleant:
974 976 1012 1015 an
1035 957 1117 1016 laesa

102 1047 143 1105 sit
165 1047 342 1122 respublica,
366 1065 403 1104 an
425 1046 461 1106 ab
486 1064 520 1105 eo
540 1049 593 1122 qui
615 1047 760 1124 arguitur,
783 1048 871 1106 laesa.
909 1045 1066 1123 inquibus
1090 1047 1116 1105 si

62 1153 88 1194 ro
102 1135 175 1211 quid
199 1135 257 1194 tibi
279 1135 405 1194 fiduciae
422 1135 537 1208 fuisset,
558 1154 618 1194 non
638 1155 656 1194 a
675 1136 846 1195 criminibus
865 1136 990 1194 crimina
1013 1135 1116 1210 appel·
1169 1184 1173 1193 .

101 1225 181 1283 lares
203 1243 258 1283 nec
281 1224 320 1282 ad
342 1225 468 1282 alteram
489 1243 616 1299 poenam
638 1226 849 1302 transfugercs,
872 1225 923 1284 sed
944 1227 975 1283 te
999 1223 1036 1282 ab
1059 1224 1117 1283 hac

103 1333 181 1388 quae
204 1312 380 1387 intenditur,
402 1315 534 1372 tuereris.

171 1402 246 1461 Dico
269 1402 382 1461 laesam
404 1419 466 1461 csse
487 1401 709 1478 rempublicam.
747 1405 880 1461 oratione
898 1402 948 1461 hic
966 1420 1040 1477 opus
1063 1404 1117 1477 est,

102 1495 158 1549 aut
176 1493 359 1566 reliquorum
381 1509 463 1550 more
486 1494 691 1551 accusatorum
712 1492 769 1550 hoc
786 1511 864 1550 nunc
882 1492 957 1550 mihi
976 1509 1118 1567 quaeren-

62 1597 88 1640 1e
103 1579 177 1638 dum
205 1580 351 1655 quomodo
378 1597 425 1639 res
453 1579 551 1639 verbis
580 1578 782 1657 adgravetur?
826 1581 900 1640 adeo
928 1579 1046 1639 infirma
1074 1582 1119 1638 est

102 1669 323 1728 calamitatium
336 1666 500 1728 memoria?
524 1688 599 1744 quae
618 1671 644 1728 si
661 1671 761 1744 posset
780 1670 921 1744 excidere,
938 1689 999 1728 non
1017 1671 1118 1729 tamen

101 1757 254 1816 narranda
267 1758 360 1832 vobiS,
380 1757 431 1816 sad
443 1758 623 1816 ostendenda
638 1760 703 1817 arat
714 1759 804 1817 ruina
821 1758 949 1834 publica.
983 1758 1118 1836 agedum,

101 1847 129 1906 si
153 1847 280 1921 videtur,
303 1850 387 1906 extra
408 1849 510 1923 portas
532 1848 693 1923 prospicite
717 1848 854 1922 squalida
877 1866 948 1907 arva
972 1850 1001 1905 et
1024 1848 1117 1922 spinis

102 1936 216 1995 obsitas
239 1938 353 2013 segetes
382 1940 412 1995 et
439 1953 565 1996 semesos
593 1935 733 1994 arborum
760 1939 889 1996 truncos.
935 1935 1033 1995 viduis
1058 1937 1117 1994 cul-

59 2043 87 2084 ao
101 2027 169 2084 tore
198 2027 277 2103 agris
305 2028 406 2084 errant
429 2044 447 2083 a
469 2025 548 2084 fame
570 2027 673 2084 nostra
695 2026 866 2084 innocentes
893 2026 987 2099 ferae,
1015 2027 1118 2084 inanes

101 2114 194 2172 villae
214 2117 292 2188 sunt,
311 2116 341 2172 ct
355 2114 471 2174 deserta
484 2114 590 2173 horrea
603 2115 636 2172 in
649 2116 768 2173 ruinam
781 2115 986 2190 procumbunt.
1017 2114 1116 2174 nullus

101 2202 230 2263 inuersis
258 2206 358 2262 aratro
386 2202 481 2281 glebis
509 2220 630 2279 campus
654 2206 744 2278 nitet,
772 2203 888 2261 nullum
912 2203 1008 2262 solum
1031 2222 1118 2278 opere

101 2295 274 2350 renovatur.
319 2293 380 2350 iam
412 2295 442 2351 et
468 2294 500 2350 in
532 2295 703 2368 sequentem
735 2313 846 2351 annum
877 2293 987 2351 famem
1018 2293 1117 2350 timeo.

101 2380 197 2439 redite
225 2381 257 2438 in
285 2381 386 2441 domos
414 2384 541 2457 vestras,
568 2381 708 2440 videbitis
737 2382 841 2440 noxios
868 2382 949 2440 focos
978 2383 1008 2439 et
1034 2382 1118 2457 ignes

60 2468 175 2528 astabo
199 2470 377 2529 cadaverum
400 2471 544 2530 extinctos
578 2474 609 2529 et
630 2473 710 2530 tecta
737 2470 882 2529 mortibus
909 2472 1027 2548 gravia,
1051 2488 1118 2528 curn

102 2559 232 2618 maxime
263 2560 417 2619 inferimus
453 2560 486 2617 in
518 2560 649 2619 tumulos
681 2578 747 2619 ossa
783 2559 947 2635 insepulta,
984 2559 1117 2617 ducimus

103 2650 224 2723 opertas
252 2649 403 2723 exequias,
431 2651 462 2707 et
489 2649 527 2708 ad
555 2649 740 2724 sepulturam
768 2649 887 2708 residua
917 2649 1118 2723 conferuntur,

103 2740 135 2795 ot
157 2736 279 2794 tandem
302 2737 446 2796 cadavera
459 2725 533 2815 ¹igni
555 2739 764 2812 permittimus.
801 2737 853 2796 ubi
871 2757 941 2796 vero
964 2739 1117 2797 universas

102 2825 235 2885 familias
266 2826 360 2885 fames
392 2825 530 2901 extinxit,
564 2846 640 2902 quae
667 2846 736 2901 pars
764 2827 894 2885 maxima
924 2829 982 2900 est,
1014 2829 1117 2884 inanes

63 2915 209 2975 sodomus
233 2915 324 2973 situm
347 2916 471 2989 ducunt,
495 2918 595 2975 iacent
616 2916 738 2975 relictae
761 2918 824 2975 sine
846 2916 952 2975 herede
975 2915 1116 2974 sarcinae.
1167 2970 1175 2993 ,

176 3082 320 3138 61111111
338 3101 387 3138 ora.
402 3094 427 3137 1
479 3086 573 3139 nostro
592 3102 642 3139 ora.
658 3095 690 3139 M
743 3090 981 3152 lmeamcm.11,
1000 3102 1118 3154 sapam

102 3161 213 3223 8quac
234 3154 275 3210 in:
300 3155 433 3223 quoniam
452 3165 479 3208 Ρ
550 3161 583 3210 10
601 3156 655 3210 tibi
674 3174 724 3211 oca.
738 3167 763 3210 1
833 3156 995 3211 criminibus
1014 3173 1047 3209 ex
1065 3155 1118 3208 ori-

101 3226 232 3280 mcnibus
250 3235 279 3279 Β
364 3232 395 3279 12
415 3228 564 3281 tuerercris
581 3236 610 3281 Β
692 3233 904 3293 1311111111
989 3232 1117 3280 1411011

101 3315 154 3353 om.
169 3306 198 3351 Β
269 3303 302 3351 11
320 3297 461 3352 infirmata
480 3308 526 3362 My
599 3305 631 3352 16
652 3298 845 3353 calamitatum
865 3309 916 3353 Mo
985 3302 1018 3351 17
1036 3297 1117 3351 nobis

103 3378 170 3433 nar
239 3374 272 3422 18
291 3367 345 3421 sibi
363 3369 475 3423 videtur
492 3378 532 3438 Β;
551 3370 575 3422 si
593 3369 647 3424 tibi
664 3371 775 3424 videtur
794 3381 826 3423 Β
891 3375 924 3423 19
944 3369 1064 3423 obsistas
1082 3377 1117 3437 Β,

103 3475 220 3530 edel}
305 3480 339 3529 20
358 3479 438 3531 crant
455 3484 484 3529 Β
566 3475 751 3531 1111111111
834 3457 1050 3543 2611111111

104 3551 138 3600 28
155 3546 323 3601 tantundem
340 3556 393 3600 BV
