2406 3832
115 178 182 243 230
433 174 686 232 OADAVERIBVS
704 177 810 231 PASTI

114 347 266 405 invenitur
293 346 413 403 interim
441 346 524 405 clusa
546 345 633 405 domo
658 346 795 406 conditus
818 348 969 422 dominus,
997 348 1023 407 si
1047 349 1131 408 cuius

114 454 194 494 mors
217 436 327 495 famem
349 436 457 509 evasit,
482 454 569 510 quem
591 437 734 495 rimantes
757 455 818 494 non
839 438 978 496 invenere
1001 440 1131 513 proximi

116 525 168 600 qui
194 526 273 583 inter
295 543 363 584 suos
385 523 510 583 ultimus
533 523 666 584 decessit.
713 542 772 600 quo
797 544 850 584 vos
877 524 988 584 mitto?
1032 528 1131 603 ipsam

113 614 272 672 intuemini
291 614 465 688 contionem,
488 614 577 673 unius
596 613 757 672 deficientis
781 616 910 690 speciem
934 617 1001 674 tota
1024 616 1130 675 civitas

113 703 217 778 habet,
247 722 352 762 cavum
378 704 473 761 macie
501 706 592 778 caput
615 705 645 762 et
668 703 802 762 conditos
829 704 950 779 penitus
975 706 1076 764 oculos
1101 708 1131 764 et
1157 725 1167 764 s

113 793 213 851 laxam
241 796 352 866 cutem,
378 792 472 850 nudos
500 792 592 851 labris
616 791 810 851 trementibus
838 792 954 867 dentes,
981 794 1131 870 rigentem

114 882 232 941 vultum
250 885 280 941 et
298 882 458 942 destitutas
481 899 572 959 genas
591 883 621 940 et
643 883 746 941 inanes
764 880 896 939 faucium
915 883 1011 957 sinus3
1035 902 1131 959 prona

114 972 226 1046 cervix,
253 975 372 1049 tergum
399 970 513 1031 ossibus
540 972 710 1045 inaequale,
738 971 862 1030 infernis
885 971 1067 1049 imaginibus
1091 975 1130 1031 si·

113 1061 212 1134 miles,
239 1060 327 1119 foeda
354 1061 446 1119 etiam
473 1059 626 1119 cadavera.
673 1062 725 1118 aut
752 1061 778 1118 si
801 1060 868 1134 quis
891 1060 963 1120 talis
990 1079 1051 1120 non
1076 1065 1129 1136 est,

39 1147 99 1205 ,14
114 1149 291 1209 confiteatur
313 1169 344 1208 se
367 1167 459 1225 usque
483 1149 522 1208 ad
545 1150 734 1208 saturitatem
757 1148 926 1207 comedisse.
970 1167 1025 1209 sua
1049 1153 1167 1226 quis-10

114 1258 172 1314 que
191 1239 329 1298 consulat
351 1239 459 1300 misera
481 1238 663 1314 praecordia,
686 1240 924 1296 suumventrem
948 1241 1130 1299 conscientia

113 1347 243 1406 gravem.

180 1416 236 1476 Dic
250 1435 336 1490 nunc,
351 1418 462 1494 legator
476 1418 616 1476 innocens
630 1434 704 1490 sum,
717 1414 797 1490 quod
811 1415 849 1473 ad
860 1416 947 1474 ilium
961 1417 1040 1476 diem
1050 1420 1128 1477 veni.

114 1508 147 1565 at
170 1525 223 1583 ego
247 1508 421 1581 propterte
443 1524 551 1565 nocens
575 1523 653 1580 sum,
677 1505 756 1580 quod
780 1503 818 1562 ad
845 1505 932 1563 illum
955 1506 1035 1564 diem
1057 1509 1127 1565 vixi.

181 1594 263 1664 Quae
295 1598 467 1670 comparata
499 1594 584 1653 nobis
615 1594 696 1652 mala
723 1612 782 1652 non
811 1593 955 1654 delicatas
987 1596 1128 1656 lacrimas
1144 1613 1166 1654 15

113 1682 247 1742 habent?
294 1684 424 1759 aliquem
445 1685 590 1760 populum
612 1683 730 1742 hostilis
753 1685 898 1743 exercitus
921 1685 1002 1742 intra
1023 1688 1128 1760 portas

114 1774 224 1849 coegit:
248 1773 324 1833 solet
341 1773 441 1832 venire
459 1774 568 1831 ultima
586 1772 712 1832 obsessis
730 1773 842 1848 inopia,
865 1772 917 1831 sed
936 1775 1030 1832 everti
1049 1778 1128 1833 certe

113 1862 192 1920 licet.
237 1864 334 1922 victor
357 1861 509 1938 captivum
532 1865 584 1920 aut
607 1860 721 1921 occidet
744 1864 797 1920 aut
821 1865 930 1937 pascet.
976 1865 1129 1923 tormenta

113 1950 235 2025 quidam
258 1953 423 2028 piratarum
445 1953 593 2026 tulerunt,
620 1951 721 2010 felices
750 1950 857 2025 quibus
888 1952 1015 2028 contigit
1042 1955 1128 2012 inno-

113 2042 219 2100 centia.
264 2059 344 2101 mors
367 2042 446 2100 certe
468 2040 535 2100 finis
559 2043 612 2116 est,
635 2059 689 2099 nec
712 2040 838 2099 saevitia
865 2041 946 2098 ultra
969 2041 1034 2099 fata
1060 2061 1127 2117 pro·
1141 2058 1166 2099 so

113 2130 198 2189 cedit.
233 2134 285 2189 aut
300 2131 418 2190 etiamsi
432 2132 498 2207 quis
518 2129 591 2188 adeo
610 2129 759 2188 hominem
778 2129 868 2204 exuit,
886 2131 921 2188 ut
938 2129 982 2187 ibi
999 2149 1128 2205 poenam

113 2222 250 2296 quaerat,
278 2221 329 2278 ubi
357 2238 458 2279 sensus
486 2218 596 2278 doloris
625 2237 684 2276 non
711 2219 858 2291 inveniat,
890 2237 995 2293 nempe
1025 2222 1127 2279 tamen

112 2310 257 2368 cadavera
285 2310 356 2368 ieris
384 2309 499 2369 obiciet.
545 2307 720 2367 circumdati
748 2309 818 2365 sunt
841 2307 962 2382 quidam
990 2308 1127 2383 flammis,

112 2398 178 2473 ipsa
201 2401 301 2458 tamen
324 2417 420 2474 poena
447 2398 552 2458 habuit
575 2397 768 2473 sepulturam.
814 2414 867 2454 nos
894 2397 1025 2455 incendii
1049 2399 1126 2458 cine-

111 2506 174 2545 rem
196 2488 392 2563 perdidimus,
420 2489 522 2547 nostra
545 2487 636 2545 etiam
657 2488 745 2551 ruina
767 2486 873 2545 tabuit.
920 2489 1023 2544 nostra
1046 2489 1165 2547 malane

107 2595 190 2635 vnunc
213 2578 317 2651 latent,
339 2596 399 2636 non
421 2577 499 2655 ignis
519 2575 674 2635 defunctos
697 2575 848 2650 cremavit,
871 2594 931 2633 non
949 2575 1030 2634 ferae
1049 2577 1126 2636 lace-

184 2800 292 2853 linter
309 2799 418 2853 inclusa
436 2809 464 2852 B
516 2799 612 2853 clausa
635 2807 667 2863 Vp
721 2797 850 2852 dominus
869 2815 919 2852 om.
934 2807 962 2850 B
1014 2799 1126 2853 2fame

112 2879 132 2924 s
190 2870 310 2924 rimante
329 2881 367 2939 M,
386 2888 398 2924 s
416 2888 492 2940 supr.
507 2891 538 2923 m
611 2869 1125 2938 3quovosmitto:h0samitt01’;

111 3012 159 3049 vos
179 2997 229 3066 (ccl
246 3005 307 3061 nos)
327 2995 466 3050 omittes
529 2944 722 3048 4cordti¹duem
740 3004 768 3047 Β
785 2995 843 3064 (ten
862 3011 936 3063 supr.
952 2996 979 3063 o)
1044 3001 1125 3049 oca

111 3085 179 3120 num
197 3076 230 3120 Β
299 3067 391 3136 capud
409 3069 441 3121 iu
458 3083 513 3121 rue,
533 3075 554 3118 17
626 3072 690 3135 post
708 3069 793 3134 caput
812 3066 875 3119 add.
891 3065 1030 3134 quomodo
1050 3066 1125 3120 fame

112 3154 212 3208 corpus
231 3139 349 3192 tabefiat
365 3147 425 3192 ΒΜ
495 3142 617 3206 'Iprona
636 3139 679 3191 est
697 3137 788 3190 cervix
807 3150 827 3190 u
896 3136 1023 3190 8simile
1042 3147 1075 3191 Β

114 3250 146 3298 13
166 3244 195 3297 di
210 3255 247 3313 M,
267 3263 282 3299 e
300 3263 375 3314 serpe.
390 3266 421 3297 m
474 3226 656 3298 innoeedsum
673 3254 701 3297 Β
753 3243 945 3297 veni-diem
962 3245 1025 3297 l.14
1043 3254 1126 3299 oms

114 3357 147 3405 14
165 3355 291 3422 propter:
310 3369 361 3422 pro
381 3353 455 3407 certe
469 3361 497 3404 Β
548 3333 699 3404 nocendum
713 3360 741 3403 Β
792 3349 861 3404 vixi:
880 3350 944 3404 veni
959 3359 996 3417 Β,
1015 3367 1125 3405 eorum

113 3427 146 3475 1⁷
167 3423 298 3477 obfsessis
316 3423 413 3493 inopia
432 3425 475 3476 est
492 3432 514 3474 V
618 3427 651 3475 19
670 3421 792 3490 quedam
810 3431 837 3474 Ρ
943 3427 976 3474 20
999 3422 1077 3475 facta
1097 3432 1128 3474 M

106 3499 145 3544 23
166 3495 273 3550 obiciet
292 3498 321 3550 et
337 3495 407 3550 licet
425 3503 458 3548 M
544 3498 578 3546 24
601 3508 692 3563 poena
711 3510 761 3548 om.
777 3503 818 3561 M,
840 3509 915 3562 pena
932 3509 1006 3562 supr.
1022 3514 1053 3546 m

91 3567 132 3615 26
147 3583 203 3620 nos
221 3568 301 3640 ignis
322 3579 344 3624 r
413 3567 560 3625 defractos
579 3575 606 3621 Β
