2408 3840
137 113 204 177 364
418 66 874 176 mornrriuomomsm.

139 282 211 357 quid
225 282 338 355 fecerit,
354 280 526 341 abiciendus
540 280 587 340 sit.
620 283 646 340 si
659 281 773 356 exierit,
787 282 887 340 mater
898 280 1021 358 sepeliri
1034 280 1154 354 vetabit,

138 373 163 430 si
186 371 371 445 remanserit,
393 373 494 446 pater,
524 388 591 428 cum
617 371 647 428 et
675 370 751 428 mihi
773 370 820 429 ius
847 370 942 429 fuerit
963 371 995 428 in
1016 369 1075 428 buo
1096 371 1155 448 lege

139 462 217 518 sicut
240 461 270 518 et
293 459 358 517 tibi.
399 460 468 535 plus
491 477 561 537 ergo
588 458 664 517 mihi
690 459 847 532 subvenire
875 458 981 518 debuit
1002 461 1034 518 et
1056 477 1155 535 parere
1195 498 1200 509 ·

139 568 230 624 quam
252 547 323 623 tibi,
348 549 419 623 quia
442 550 529 623 pater
550 549 647 606 maior
669 550 714 607 est
736 550 841 606 matre.
883 567 956 626 ergo
978 549 1072 607 etiam
1092 549 1154 625 plus

137 637 309 715 indigebam
339 638 540 696 incarceratus
569 636 649 696 inter
677 638 792 713 piratas
820 639 851 696 et
878 639 1103 712 semimortuus,
1128 640 1185 696 ets

138 726 333 804 indigentiori
355 727 456 802 potius
475 725 710 785 subveniendum
728 728 781 786 est.
822 727 981 802 praeterea
1004 745 1061 804 ego
1078 726 1154 802 prius

137 816 288 891 inplorari
316 815 462 874 auxilium
491 814 548 876 fih'i
571 833 661 889 quam
691 816 732 872 tu.
773 817 931 891 praeterea
958 817 990 874 et
1012 814 1108 874 filium
1128 818 1155 874 et

138 907 237 963 virum
272 903 382 962 habere
418 922 479 961 non
515 906 649 979 poteras3
685 903 817 963 reddidit
847 904 906 963 tibi
938 923 1030 980 quem
1066 905 1154 982 magis

138 993 267 1052 amabas.
300 993 365 1051 ‘hoc
388 993 495 1052 saltem
513 991 644 1067 habebis,
666 993 830 1053 miserrime
848 992 901 1068 fili,
925 995 984 1052 etsi
1007 994 1155 1070 sepultura

138 1100 249 1156 careas,
269 1081 348 1158 quod
361 1081 516 1140 honoratis
531 1082 702 1160 contingere
719 1080 873 1143 funeribus
889 1083 979 1142 solet:
1003 1083 1154 1142 aaaron
1167 1100 1187 1140 lt

137 1170 320 1245 laudaberis,
357 1170 543 1244 diceturque:
579 1171 676 1230 lucem
707 1170 937 1246 libertatemque
968 1173 1055 1247 patri
1082 1171 1155 1230 filius

137 1259 280 1334 reddidit,
309 1261 352 1333 et,
382 1259 462 1335 quod
486 1260 556 1318 ante
578 1259 747 1318 inauditum
771 1261 828 1334 est,
852 1261 950 1338 magia
973 1279 1023 1320 me
1048 1261 1156 1320 amavit

139 1368 229 1424 quam
246 1349 361 1407 vellem.
403 1350 434 1407 te
447 1347 624 1423 laudabunt,
638 1347 763 1423 iuvenis,
781 1350 813 1408 et
827 1348 1021 1409 mirabuntur
1034 1350 1155 1422 saecula,

138 1438 188 1496 sed
207 1437 282 1494 milri
299 1439 360 1496 ista
378 1438 443 1496 laus
462 1439 516 1495 tua
534 1456 603 1497 caro
623 1439 747 1497 constat
788 1441 907 1514 poteras
932 1438 1058 1514 quidem
1080 1440 1155 1498 domi

137 1544 257 1584 manere
285 1527 316 1583 et
339 1527 433 1585 otiari
452 1528 482 1584 et
508 1528 626 1603 patrem
654 1544 791 1586 excusare
823 1546 883 1585 non
909 1527 1069 1587 redimere.
1111 1546 1154 1587 me
1167 1544 1197 1599 a⁴

137 1616 272 1689 interim,
302 1616 337 1673 ut
360 1617 493 1690 ceperat,
520 1617 636 1674 senium
658 1618 845 1675 consumeret
869 1619 900 1674 et
921 1617 989 1677 sola
1012 1635 1094 1677 mors
1115 1635 1155 1676 ro

138 1703 290 1777 demisset,
318 1707 361 1778 et,
390 1722 457 1762 oum
480 1722 586 1780 corpus
608 1723 708 1763 meum
734 1706 868 1764 exanime
890 1707 1063 1782 proiectum
1086 1708 1156 1766 esset

136 1795 169 1851 in
194 1793 315 1866 fluetus,
345 1794 371 1852 si
399 1795 584 1871 contingeret
612 1795 774 1870 tempestas
803 1793 922 1868 similis,
951 1797 987 1853 tu
1017 1814 1080 1868 me,
1106 1794 1155 1867 iili,

138 1882 300 1959 sepelisses.
353 1881 461 1941 fefellit
493 1884 524 1941 te
553 1883 650 1958 pietas
683 1884 779 1959 patris
810 1885 840 1943 et
877 1901 964 1942 amor
996 1886 1154 1961 perpetuae

138 1972 243 2031 laudis.
285 1970 383 2045 ofili,
412 1991 479 2031 oum
502 1972 685 2049 aegrotares,
714 1990 774 2030 non
796 1973 968 2031 ministravi
996 1973 1073 2049 tibi,
1100 1990 1187 2032 nonu

138 2061 211 2120 affui
228 2061 376 2119 morienti.
418 2061 614 2135 incatenatus,
637 2061 798 2139 neglectus,
822 2061 980 2137 despectus
1003 2081 1045 2122 es.
1088 2061 1153 2122 ami·

138 2170 205 2208 oum
228 2152 259 2207 et
285 2151 458 2226 pereuntem
483 2151 514 2208 te
544 2149 746 2209 consolantem
768 2168 828 2208 non
857 2148 1003 2225 habuisti,
1036 2151 1090 2212 sed
1110 2168 1152 2210 eos

137 2241 257 2298 tantum
286 2240 434 2316 cogitasti.
482 2240 515 2296 in
545 2256 660 2297 carcere
689 2258 755 2298 meo
785 2241 919 2299 mortuus
950 2259 990 2299 as.
1037 2242 1152 2317 inspice,

137 2330 234 2387 mater
262 2329 484 2401 immisericors,
520 2346 596 2403 quae
620 2345 748 2403 poenam
778 2347 796 2387 a
825 2327 1022 2392 cadaveribus
1054 2331 1153 2408 exigis:

137 2436 190 2492 per
209 2419 255 2475 tot
274 2416 382 2476 fluctus
401 2417 570 2475 volutatum
588 2435 694 2493 corpus
713 2418 865 2492 intumuit,
887 2418 935 2475 tot
957 2417 1077 2478 illisum
1098 2432 1183 2479 soors

137 2507 231 2581 pulta,
253 2507 317 2563 tam
341 2507 480 2581 spatiosis
503 2507 633 2564 tractum
655 2505 788 2580 harenis,
810 2525 965 2581 nunquam
987 2508 1093 2567 tamen
1114 2510 1153 2565 in·

137 2595 253 2653 felicius
283 2612 374 2669 quam
409 2614 476 2654 oum
505 2597 589 2653 venit
624 2594 661 2653 ad
694 2596 813 2654 terram.
862 2613 932 2672 ergo
963 2615 1034 2656 cum
1064 2600 1154 2656 mater

137 2684 233 2758 impia
254 2682 335 2741 flecti
364 2702 423 2741 non
446 2685 554 2760 possit,
583 2702 600 2742 o
624 2683 756 2743 crudeles
787 2702 881 2759 aquae
905 2685 935 2742 et
965 2688 1053 2744 venti
1082 2686 1154 2745 male

139 2771 268 2845 secundi,
282 2771 372 2830 reddo
387 2772 471 2831 vobis
486 2775 618 2832 vestrum
636 2770 819 2847 beneficium,
837 2772 914 2832 ferte
928 2773 1076 2850 quolibet,
1089 2775 1155 2834 licet

138 2861 176 2918 ad
189 2860 340 2934 barbaros,
354 2862 425 2920 licet
440 2861 478 2925 ad
491 2860 599 2936 hostes,
613 2862 685 2920 licet
699 2862 737 2921 ad
750 2863 872 2938 piratas.
904 2862 1034 2923 fortasse
1050 2865 1154 2941 aliquis
1166 2880 1188 2919 a

136 2949 250 3007 iubebit
273 2950 392 3025 sepeliri
415 2951 633 3010 misericordior
655 2952 722 3027 ipsa
744 2953 846 3009 matre.

421 3144 488 3203 VH.
512 3144 685 3205 Tonunrra
707 3163 865 3206 rnrrnms.

202 3271 416 3346 Aryamentam
438 3289 464 3328 o.
478 3288 511 3343 p.
532 3273 606 3339 133,
627 3273 676 3331 13.

200 3359 225 3425 O
242 3362 372 3440 iudices,
389 3379 497 3422 accuso
512 3359 598 3418 bunc
615 3359 753 3432 diuitem,
766 3361 924 3415 'inimicum
934 3381 1048 3434 meum,
1070 3383 1154 3437 quem

208 3473 354 3481 ...—..---

122 3472 210 3562 ’'l-d
228 3508 364 3580 pyratas
387 3513 419 3560 sl
491 3503 531 3554 ‘li
550 3490 763 3551 incatbsnatus
782 3493 811 3537 u
877 3486 957 3532 esse
972 3491 1005 3530 n
