2408 3840
144 151 210 214 322
446 149 596 207 massis
614 150 654 205 IN
672 148 831 209 mmm
848 149 862 203 1

144 321 239 395 putat.
277 321 307 376 et
330 319 356 377 si
377 319 451 380 bene
475 323 553 378 artes
576 322 607 377 et
629 317 794 394 profundae
816 318 925 377 mentis
945 317 1072 377 consilia
1094 332 1153 394 per·

144 407 245 483 spici0,
268 408 445 483 respondere
464 409 522 469 sibi
539 408 658 467 videtur
676 407 744 483 plns
760 425 854 483 quam
871 408 968 466 mater
984 407 1155 485 interroget.

143 496 274 570 fallitur,
305 497 440 572 quisquis
471 498 549 556 hunc
579 514 641 557 esse
673 496 767 555 credit
797 495 1017 572 inexplicabilis
1049 495 1157 559 colons

144 588 258 644 aestum
287 588 318 643 et
344 588 423 644 inter
453 587 565 645 silentii
597 585 847 660 confessionisque
879 603 986 645 causas
1017 585 1157 649 mianum

142 675 293 748 pudorem.
339 675 432 734 alium
455 676 567 734 exitum
589 693 648 733 non
675 673 779 748 habet,
807 692 899 749 qnam
921 677 957 734 ut
981 673 1156 751 respondere
1179 692 1188 733 s

142 764 221 822 nolle
244 764 381 823 videatur
404 766 540 839 quisquis
566 762 662 823 filium
685 762 795 823 occidit
816 767 848 822 et
874 763 1002 840 probare
1024 782 1086 823 non
1107 782 1156 840 po
1183 830 1187 843 ,

142 855 210 927 test,
230 855 354 928 propter
376 854 455 927 quod
478 852 630 912 erubuerit
653 851 755 911 occidi.

105 947 124 1001 3
211 940 392 1018 Coniungat‚
420 945 566 1017 quantum
592 942 686 1017 volet,
715 941 943 1001 nocentissimus
972 959 1064 1000 senex
1092 959 1156 1000 cum

141 1048 258 1088 rumore
281 1031 386 1106 populi
409 1031 560 1090 silentium
579 1049 665 1091 suum
688 1033 719 1090 et
740 1031 873 1091 relatura
895 1029 1032 1089 ordinem
1049 1031 1155 1091 ussus

141 1120 232 1177 simae
264 1120 353 1179 sortis
385 1121 504 1178 conlata
535 1119 724 1196 malignitate
757 1118 858 1179 cludet
889 1137 956 1193 ore,
988 1121 1155 1195 compescat
1168 1140 1187 1180 c

142 1208 253 1266 aditusz
276 1209 372 1267 securi
394 1212 495 1267 tamen
519 1210 625 1283 estote,
647 1209 803 1283 mortales,
824 1208 870 1267 fas
892 1209 953 1282 est,
974 1208 1022 1267 fas
1045 1210 1091 1269 est
1111 1210 1154 1269 in·

140 1298 365 1355 nocentissimae
392 1297 483 1356 matri
510 1298 593 1356 velut
624 1299 656 1355 in
683 1297 817 1373 templis,
849 1296 933 1356 velut
965 1297 1048 1373 apud
1075 1300 1154 1373 ipsos

140 1385 323 1459 proclamare
347 1405 482 1463 superos:
508 1388 607 1445 amavi
624 1386 721 1445 filium
744 1403 843 1445 meum
865 1388 1014 1460 matrona,
1036 1386 1154 1461 iudices,

141 1475 224 1531 cuius
247 1475 394 1548 puellares
418 1494 520 1550 annos,
542 1477 671 1551 primam
692 1475 855 1551 rudemque
876 1475 1008 1553 coniugii
1026 1478 1154 1535 mentem

140 1562 223 1620 nulla
255 1563 413 1623 libidinum
444 1566 586 1639 respersit
616 1565 755 1638 iufamia,
788 1564 836 1623 cui
861 1563 1019 1639 impudens
1045 1583 1184 1638 rumonu

140 1651 277 1725 suspicax
299 1654 424 1712 maritus
447 1654 524 1712 nihil
546 1671 678 1728 unquam
705 1652 805 1730 potuit
828 1652 944 1713 obicere
966 1653 1027 1713 nisi
1050 1653 1151 1712 filium.

140 1760 216 1816 quae
248 1742 410 1817 pudicitiae
437 1742 535 1818 prima
565 1741 674 1802 fiducia
705 1744 764 1816 est,
795 1741 890 1801 edidit
914 1744 1038 1817 partium
1066 1762 1152 1818 quem

140 1830 265 1889 maritus
285 1835 465 1908 agnosceret,
487 1850 547 1890 non
570 1833 680 1904 timuit
703 1850 740 1890 ne
759 1835 863 1906 stupra
881 1830 1069 1907 fintimsque
1086 1850 1151 1891 con·

139 1918 256 1978 cubitus
285 1921 404 1996 parvuli
426 1921 526 1980 vultus
555 1923 608 1978 aut
631 1922 788 1980 crescentis
815 1919 963 1980 infantiae
987 1920 1151 1981 similitudo

139 2007 295 2086 detegeret.
341 2011 446 2067 natum
474 2010 509 2069 de
537 2013 568 2068 te
594 2010 750 2083 continuo,
782 2011 809 2068 si
835 2008 908 2084 quid
934 2010 994 2084 ipsi
1024 2009 1183 2083 creditisne

137 2098 334 2174 inpatientius
362 2099 515 2173 complexa
543 2117 633 2173 quam
660 2099 769 2173 reliqui
795 2100 935 2174 parentes
957 2117 1019 2157 non
1045 2101 1077 2158 in
1099 2119 1150 2157 nu-

137 2187 224 2245 trices
249 2205 302 2247 nec
324 2189 357 2245 in
379 2187 545 2247 ministeria
567 2187 713 2262 seposuit:
739 2188 800 2247 suis
823 2187 900 2247 aluit
922 2186 1077 2263 uberibus,
1099 2206 1149 2246 suc

138 2276 214 2334 fovit
235 2277 380 2351 amplexu.
418 2276 562 2351 numquid
581 2276 682 2335 ethos
701 2294 803 2350 annos,
826 2275 984 2351 parricida,
1007 2276 1148 2353 numquid

138 2368 168 2421 et
190 2366 351 2440 pueritiam
374 2364 474 2423 miseri
496 2364 610 2424 iuvenis
632 2363 782 2424 infamas?
818 2367 918 2423 ectum
937 2367 983 2424 est
1001 2364 1038 2424 de
1057 2383 1149 2425 sacro·

136 2474 203 2511 rum
225 2454 379 2512 nominum
401 2453 472 2528 fide,
495 2454 532 2525 si,
557 2456 592 2512 ut
614 2454 752 2513 videatur
774 2456 916 2514 innocens
937 2455 1044 2528 mater,
1069 2458 1181 2515 actaea

135 2545 255 2600 tantum
273 2541 329 2599 filii
352 2543 433 2601 facit.
480 2542 659 2602 accendebat
681 2543 757 2601 hanc
781 2560 852 2620 erga
874 2541 998 2601 unicum
1021 2544 1149 2620 optimae

135 2632 240 2689 matris
268 2632 478 2706 inpatientiam
500 2631 614 2708 rigidus
642 2633 741 2708 pater,
769 2650 855 2708 asper
881 2631 1009 2690 maritus
1038 2635 1069 2692 et
1095 2632 1149 2691 sibi

135 2720 293 2779 videbatur
314 2739 420 2795 parum
442 2721 566 2796 implere
590 2740 678 2796 quem
699 2740 754 2796 pro
778 2720 892 2779 duobus
910 2721 1083 2780 conferebat
1101 2721 1148 2780 ad-

208 2893 282 2943 let:
302 2905 335 2944 ae
353 2899 387 2955 Β,
408 2906 441 2943 ac
460 2900 489 2956 ις
509 2906 524 2943 e
542 2900 564 2942 V
621 2889 763 2959 prospicio
778 2899 805 2942 Ρ
874 2890 1075 2959 apnurquam
1094 2892 1147 2945 Ba.

135 2968 150 3014 5
171 2961 410 3030 quam:quod1’
494 2966 509 3013 7
529 2961 682 3016 erubuerit:
703 2960 895 3025 debueritne
976 2965 992 3014 8
1010 2960 1107 3016 volent
1124 2971 1151 3015 1

135 3039 150 3085 9
170 3033 291 3086 relatum
313 3042 374 3098 lm
399 3031 556 3103 relegemus
575 3042 608 3086 Μ
706 3037 740 3086 10
763 3030 867 3087 callida
892 3030 1073 3104 malignitate
1100 3033 1147 3088 Gr.

136 3146 166 3192 11
188 3140 295 3193 aditus:
315 3139 441 3192 adiectus
459 3148 498 3206 33
518 3138 644 3193 abiectus
662 3149 684 3191 V
758 3138 802 3192 fas
821 3140 865 3193 est
881 3139 960 3193 semel
978 3149 1012 3192 11
1088 3122 1148 3194 ilo-

135 3212 293 3264 centissime
312 3221 340 3263 B
430 3216 463 3264 12
482 3211 581 3265 matris
599 3220 629 3276 νς
647 3210 751 3280 matri}
769 3219 801 3263 Μ
874 3209 1030 3280 imtemplis
1048 3218 1080 3264 Ι

135 3288 167 3336 15
186 3283 306 3336 libidine
324 3290 384 3334 ΒΜ
399 3283 426 3351 (”
441 3299 476 3336 er.
493 3290 529 3348 11,
549 3283 585 3335 -is
605 3284 632 3352 c)
696 3287 729 3335 19
748 3281 834 3335 vultis
851 3291 890 3351 113
910 3281 1003 3336 adulti
1023 3292 1056 3335 ,Ι
1105 3282 1145 3334 in·

133 3389 237 3443 famiae
256 3402 296 3442 ac
383 3388 517 3451 simitudo
537 3398 574 3455 Μ,
592 3387 615 3442 li
632 3405 708 3459 supr.
723 3409 755 3440 m
853 3393 886 3442 21
906 3368 1042 3447 ilutrims
1060 3399 1081 3442 v

134 3467 167 3513 22
186 3461 216 3513 in
234 3477 285 3516 orn.
301 3470 334 3527 ι’,
352 3477 427 3530 supr.
440 3482 462 3522 p
551 3451 662 3533 alutbit
679 3469 718 3528 ⁸3
737 3459 830 3530 nuit}
846 3463 875 3531 (6
892 3459 934 3515 cel
953 3465 971 3515 7
989 3460 1041 3515 litt.
1056 3463 1103 3527 et.)
1115 3467 1146 3515 Ι

129 3536 164 3585 24
184 3532 232 3587 de:
252 3532 288 3587 ad
307 3545 325 3601 β
395 3547 521 3588 sacrmm
540 3540 578 3601 11,
595 3548 611 3586 o
630 3549 705 3602 supr.
718 3552 751 3585 n
