2408 3840
137 154 199 218 186
537 152 745 208 GLADIATOR

134 323 320 398 sentiensque
349 321 523 398 acceperim,
555 341 608 380 nec
636 323 732 380 solum
759 321 885 381 donatus
910 321 957 382 his
979 321 1067 382 bonis
1095 323 1140 382 sed

82 411 118 466 21
134 413 255 470 summis
278 410 418 487 periculis
441 410 583 469 liberatus
607 408 691 469 sum?
728 429 894 469 nonnemo
917 430 953 469 ex
976 412 1066 470 amici
1088 412 1140 470 fide

133 502 237 558 natum
270 503 299 558 et
330 499 527 558 tenacioribus
559 499 766 558 beneficiorum
792 500 919 559 uinculis
951 500 1050 559 fatam
1083 519 1139 560 esse

134 586 347 648 constrictum?
976 597 979 606 ·

199 678 339 737 Miserum
357 678 416 736 me!
441 679 533 736 amice
551 676 729 751 fidelissime,
751 676 903 754 ingratum
925 696 973 735 me
991 677 1138 736 moriendo
1160 696 1170 736 r

133 767 238 826 fecisti.
279 769 309 825 et
333 767 510 841 quantulum
533 765 680 840 estquod
703 765 798 824 adhuc
821 767 928 841 loquor
951 765 1078 825 demea
1099 767 1138 825 in·

133 856 289 930 felicitate,
317 855 353 913 de
380 852 506 930 piratis?
551 856 625 913 levis
649 857 694 913 est
715 854 774 912 ista
797 855 929 929 fortuna,
957 855 1032 914 haec
1055 857 1140 914 etiem

133 964 210 1004 nunc
233 946 344 1021 recepit
366 962 486 1003 moram.
529 944 626 1002 solent
648 945 801 1019 expectare
824 945 955 1002 latrones
979 943 1139 1020 redempte

133 1054 203 1092 rem.
249 1035 281 1091 in
308 1033 378 1092 ludo
406 1033 463 1106 fui,
492 1051 549 1107 qua
577 1051 673 1107 poena
701 1033 813 1090 nullam
838 1034 1010 1091 ulteriorem
1035 1035 1140 1092 scelere

133 1125 291 1197 noverunt,
325 1123 407 1181 cuius
436 1121 474 1179 ad
503 1123 755 1196 comparationem
783 1122 967 1198 ergastulum
998 1116 1064 1180 leve
1092 1124 1137 1181 est
1150 1140 1169 1182 u

132 1213 189 1270 hoc
212 1212 237 1270 si
260 1213 376 1285 scisses,
399 1213 492 1286 pater,
516 1210 645 1284 affirmo,
668 1211 824 1285 promitto,
853 1212 935 1268 cuius
958 1210 1082 1286 pictatis
1104 1228 1139 1283 es,

133 1319 218 1359 nemo
246 1303 276 1358 te
304 1301 516 1359 antecessisset.
562 1299 629 1374 illa,
657 1303 770 1358 certum
797 1298 905 1373 habeo,
932 1302 1084 1375 expectas,
1110 1301 1140 1356 ut

134 1389 243 1446 dicam:
273 1384 421 1447 ‘morabar
448 1390 525 1446 inter
553 1388 724 1466 sacrilegos
755 1387 965 1463 incendiarios,
995 1390 1039 1464 et,
1069 1407 1139 1464 quae

133 1477 347 1554 gladiatoribus
379 1496 439 1534 una
470 1478 536 1535 laus
568 1480 624 1552 est,
656 1477 819 1536 homicidas
850 1477 982 1536 inclusus
1011 1479 1139 1553 turpiore

134 1566 268 1625 custodia
297 1569 326 1625 et
349 1566 466 1624 sordido
489 1566 630 1624 cellarum
654 1562 732 1624 situ'
770 1568 889 1640 iamque
911 1567 944 1624 in
966 1585 1034 1625 eam
1056 1585 1136 1625 vene·
1150 1583 1169 1625 u

133 1674 196 1712 ram
215 1657 374 1729 fortunam,
398 1658 431 1712 ut
448 1675 495 1712 me
514 1656 626 1713 victum
643 1657 772 1730 recipere
791 1674 851 1712 non
868 1673 978 1730 possea,
1001 1656 1140 1716 uictorem

133 1744 234 1803 nolles.
281 1744 385 1802 aderat
412 1745 485 1803 hora
512 1745 651 1819 supplicii
678 1745 738 1802 mei
766 1763 825 1818 qua
853 1762 1000 1819 nusquam
1028 1764 1140 1804 moran·

134 1833 216 1908 dum,
244 1832 305 1890 iam
327 1833 511 1908 praebendus
536 1836 600 1890 erat
622 1833 741 1910 iugulus
765 1835 795 1891 et
817 1832 968 1891 fundenda
991 1834 1140 1893 vitarum

134 1922 284 1998 sanguine.
322 1941 416 1997 neque
439 1924 518 1979 enim
537 1921 672 1980 dubitare
694 1921 730 1980 de
749 1924 856 1980 eventu
879 1922 957 1981 licet.
994 1924 1140 1998 exemplar

133 2012 190 2068 fati
212 2011 270 2068 mei
294 2010 364 2068 vidi.
410 2010 436 2068 si
458 2029 505 2068 me
529 2011 565 2068 ab
588 2011 634 2068 his
661 2011 885 2069 imminentibus
907 2011 995 2069 malis
1019 2011 1170 2086 pecuniae

38 2111 41 2117 '
133 2100 317 2175 redemisset,
345 2099 518 2158 beneficium
544 2102 646 2157 tamen
673 2099 773 2174 potius
802 2099 928 2158 dicerem
951 2095 1025 2178 <et>
1050 2101 1139 2177 magis

134 2189 349 2247 aestimandum
373 2207 434 2246 esse
458 2206 548 2263 quam
570 2191 707 2263 pretium.
753 2188 804 2246 scd
827 2188 906 2264 apud
929 2189 1078 2266 malignos
1096 2189 1138 2246 in·

133 2280 276 2352 terpretes
303 2280 404 2353 posset
426 2277 520 2335 videri
543 2277 590 2335 vel
616 2297 697 2352 spem
725 2280 842 2336 secutus
870 2278 1003 2352 aliquam
1027 2278 1140 2337 venturi

134 2367 275 2441 temporis
307 2367 354 2425 vel
386 2367 550 2441 praesentis
582 2367 774 2441 voluptatem.
820 2368 875 2425 hoc
907 2366 1084 2426 admirabile
1113 2367 1139 2424 et

134 2456 186 2512 uni
208 2456 326 2513 tantum
349 2457 455 2531 pietati
478 2454 663 2512 referendum
687 2457 744 2513 est:
768 2455 850 2514 dedit
871 2455 1048 2513 beneficium
1067 2453 1169 2531 quoda

134 2563 287 2618 nunquam
309 2547 460 2619 reciperet,
484 2548 522 2619 et,
545 2563 612 2603 cum
635 2546 762 2601 amicum
786 2563 874 2619 quem
896 2543 1071 2618 redimebat,
1092 2545 1139 2602 ha-

133 2632 249 2691 biturus
272 2652 332 2690 non
353 2636 438 2708 esset,
461 2633 535 2691 nihil
559 2633 641 2690 aliud
659 2632 731 2691 emit
755 2653 844 2707 quam
866 2635 1023 2692 honestam
1041 2633 1139 2693 mortis

135 2723 351 2780 conscientiam.
389 2723 545 2780 transtulit
564 2741 633 2798 ergo
652 2722 683 2778 in
702 2740 733 2779 se
753 2722 906 2780 fortunam
923 2741 1022 2780 meam
1041 2722 1139 2781 subiit-

205 2878 220 2924 5
239 2873 372 2927 miserum
389 2890 433 2926 me
453 2876 543 2928 Deae:
563 2873 716 2925 miserrimc
735 2895 757 2924 ω
830 2878 846 2926 6
864 2873 964 2941 loquor
982 2890 1034 2928 ern.
1050 2884 1078 2927 Β

134 2944 275 3012 trcccpit
293 2961 367 2998 nunc
389 2955 410 2996 V
460 2944 582 2998 latrones
601 2946 748 3011 expectare
766 2954 787 2995 V
831 2943 940 2998 latrone
955 2954 983 2997 Β
1036 2945 1140 3014 bqr?

133 3024 161 3067 Β
174 3015 193 3083 (i
208 3017 254 3084 er.)
313 3016 474 3070 interiorem
488 3025 525 3081 M,
544 3014 589 3067 vel
602 3013 763 3068 ulteriorem
776 3037 807 3067 m
875 3022 907 3068 11
927 3016 1041 3070 scisses:
1061 3017 1140 3071 scisse

134 3095 167 3152 B,
188 3105 200 3138 s
220 3086 316 3140 edcta
381 3093 412 3140 12
433 3087 583 3140 antecessit
601 3095 634 3151 B,
654 3101 715 3139 asae
733 3097 841 3154 cupre
914 3092 947 3139 13
966 3087 1140 3142 incenderim

135 3167 168 3222 P,
187 3175 254 3211 corr.
268 3180 290 3219 p
380 3165 413 3212 14
433 3157 599 3211 homicidias
619 3167 651 3223 P,
670 3173 737 3211 cerr.
751 3179 772 3218 ρ
861 3160 920 3210 tam
939 3164 1003 3212 aute
1021 3159 1139 3228 turpiore

134 3246 198 3299 cdd.
218 3256 239 3298 V
315 3246 436 3300 inclusos
456 3269 490 3313 ω;
510 3247 615 3300 correxi
696 3251 729 3298 15
748 3246 804 3298 situ
822 3255 850 3298 Β
919 3249 1036 3301 venerut
1053 3257 1078 3301 J

136 3323 167 3370 16
186 3318 303 3370 victum:
323 3319 435 3370 nectum
450 3320 472 3386 (t
485 3320 626 3387 ccccm
675 3325 873 3371 nonarum!
926 3316 1139 3386 lipostnolles

134 3389 197 3442 add.
215 3389 320 3441 victum
338 3395 441 3457 puncto
458 3389 547 3456 posito
566 3393 628 3442 ante
646 3386 734 3440 nolles
752 3397 784 3441 Β
870 3387 940 3441 hora
957 3405 1035 3456 acpr.
1048 3399 1077 3442 Β

135 3465 167 3511 21
187 3461 282 3512 tamen
301 3477 350 3513 om.
370 3469 391 3512 V
441 3459 523 3529 petris
546 3468 568 3510 V
618 3461 646 3512 et
664 3459 727 3512 cdd.
743 3460 819 3514 Deos.
875 3464 908 3512 22
932 3476 1032 3528 quam:
1051 3475 1104 3529 quo
1117 3466 1142 3511 P

129 3535 164 3582 24
187 3530 367 3585 ammirabile
389 3540 410 3582 V
478 3535 512 3585 25
531 3522 645 3605 tatami
663 3539 690 3583 Β
760 3536 793 3583 27
813 3547 913 3599 quam:
933 3547 989 3599 quo
1008 3540 1037 3585 Β
