2408 3840
372 147 606 207 ascahhamo
625 149 759 204 Vs-n.
1029 149 1071 214 97

57 317 132 394 quis
149 317 227 377 mihi
244 318 324 378 vitae
342 317 475 394 lucisque
492 317 668 379 beneficium
685 319 776 377 semel
793 320 979 394 praestitisti,
1002 319 1074 395 quia

59 408 140 467 hunc
161 406 315 483 spiritum,
338 407 393 467 hoc
416 426 523 484 corpus
546 413 606 469 n'on
627 426 664 466 ex
686 407 873 485 indulgentia
895 411 950 466 tua
971 426 1072 468 rursus

62 491 200 572 accepif'

126 585 321 660 Iniquissima
339 603 515 662 magnorum
534 585 665 645 condicio
684 586 858 645 meritorum
877 588 930 659 est,
948 587 975 645 si
992 588 1073 660 quic·
1088 585 1128 640 lo

34 674 136 750 aquid
159 692 221 733 non
243 673 334 733 f11erit
356 674 516 748 adiectum,
544 673 579 734 de
602 673 750 751 prioribus
772 675 863 750 perit,
891 674 922 732 et
945 676 1073 749 pessimo

59 763 199 838 exemplo
231 762 359 840 gratiam
392 763 561 838 praeteritis
593 763 732 823 auferunt
768 763 883 839 reliqua
919 765 1073 823 cessantia.

59 871 122 911 non
146 851 267 911 redemi
307 870 367 911 nou
388 854 489 911 tamen
510 851 577 912 ideo
599 853 698 910 minus
722 853 867 928 estquod
889 852 921 909 in
943 852 1021 911 hunc
1044 855 1073 909 te

59 942 235 1001 divinorum
252 940 506 1016 humanorumque
521 943 712 1016 conspectum
725 940 761 999 de
775 943 879 1000 nostra
896 941 1073 1018 protulimus

61 1030 174 1089 anima.
218 1029 315 1089 Maria
341 1031 507 1105 terrasque,
538 1029 740 1108 infatigabiles
768 1029 897 1089 siderum
919 1045 1020 1099 cursus
1044 1032 1075 1088 et

15 1141 48 1183 -ro
61 1120 173 1178 cuncta
193 1136 276 1178 sacro
295 1119 410 1195 fulgore
428 1119 558 1178 lucentia
576 1137 638 1194 nos,
661 1121 696 1176 ut
713 1119 861 1194 fruereris,
884 1119 1073 1178 ostendimus.

61 1209 117 1266 has
147 1225 222 1282 quas
249 1207 397 1268 subtrahis
424 1226 542 1283 manus,
569 1208 643 1267 haec
669 1207 759 1267 verba
787 1226 863 1283 quae
888 1211 1010 1286 negant,
1039 1208 1074 1265 de

62 1314 130 1356 meo
158 1297 281 1374 spiritu,
308 1297 343 1356 de
369 1297 444 1355 meis
469 1296 631 1356 visceribus
658 1297 792 1355 hausisti.
839 1296 936 1374 gaude
965 1297 1074 1371 potina,

63 1385 167 1445 exulta
190 1385 269 1460 quod
290 1385 347 1445 tibi
368 1386 463 1461 patris
486 1387 631 1461 asperitas
657 1388 791 1460 praestat
812 1385 883 1444 boni
905 1385 961 1445 filii
982 1386 1074 1444 iacta·

61 1476 186 1534 monem.
230 1474 311 1535 solus
333 1474 425 1533 habet
447 1473 525 1551 quod
549 1476 677 1550 imputet
703 1472 784 1550 patri
807 1477 861 1550 qui
883 1476 1019 1549 queritur
1045 1477 1075 1534 et

22 1565 170 1638 repascit.
216 1582 308 1638 quam
338 1564 447 1638 multa,
478 1563 602 1637 iudices,
633 1563 704 1621 huic
737 1564 872 1638 querelae
899 1563 1074 1638 respondere

63 1652 214 1728 poteram,
238 1653 361 1727 propter
384 1671 474 1727 quam
495 1652 591 1710 filium
613 1653 696 1711 salva
718 1653 831 1727 pietate
854 1669 913 1712 non
935 1653 1074 1711 redemis-

65 1738 149 1800 sem?
194 1742 260 1815 quis
287 1760 346 1802 non
373 1743 520 1817 acciperet
545 1740 777 1814 excusationem,
804 1741 830 1800 si
853 1741 993 1800 dicerem:
1020 1742 1074 1800 im·

63 1829 161 1905 pediit
198 1829 333 1905 quamvis
367 1833 578 1906 properantem
614 1831 761 1903 senectus
793 1829 908 1906 inopia,
940 1831 1073 1908 languor.

65 1919 198 1994 pretium
220 1937 279 1978 non
301 1921 364 1978 tam
386 1919 562 1978 festinanter
584 1919 692 1980 inveni.
738 1919 885 1995 explicare
907 1938 967 1978 non
989 1921 1076 1995 potui

26 2007 290 2084 :enavigationem
328 2007 485 2067 iuvenibus
522 2027 639 2083 quoque
679 2007 879 2083 fratribusque
916 2007 1073 2067 difficilem.

66 2098 147 2156 solus
170 2114 206 2155 ac
227 2114 315 2154 senex
337 2116 396 2155 non
418 2098 472 2156 illa
495 2116 555 2172 qua
582 2114 783 2172 speraveram,
810 2098 1008 2172 prosperitate
1031 2097 1075 2154 di-

64 2185 137 2244 rexi.
183 2203 238 2260 per
265 2203 337 2260 quos
365 2187 474 2259 metus,
501 2204 555 2260 per
582 2204 657 2260 quae
685 2185 933 2262 peregrinationis
962 2187 1075 2244 incerta
1155 2264 1156 2268 Ἰ

65 2269 245 2350 properavi?
282 2293 408 2349 remove,
426 2276 551 2348 iuvenis,
571 2275 819 2352 indignationem:
842 2274 918 2331 nihil
935 2275 1002 2350 plus
1020 2291 1075 2349 pro

66 2363 130 2422 filio
158 2363 271 2423 factum
297 2365 342 2422 ast
364 2383 453 2439 quern
479 2364 584 2439 recepi.
630 2382 689 2422 non
715 2364 869 2421 fortunam
895 2362 952 2421 tibi
976 2361 1075 2436 debeo,

29 2472 54 2511 rs
67 2453 120 2511 sed
148 2452 298 2527 affectum,
328 2471 386 2511 non
414 2453 538 2526 exitum,
565 2451 616 2512 sed
642 2452 835 2512 voluntatem.
880 2471 934 2527 pro
962 2451 1075 2510 duobus

65 2541 166 2616 pretia
189 2540 334 2615 contraxi,
357 2559 411 2616 pro
434 2541 549 2601 duobus
572 2542 667 2600 maria
690 2540 859 2614 conscendi,
883 2560 937 2616 pro
961 2539 1075 2599 duobus

66 2649 164 2708 genua
186 2631 278 2689 teum.
322 2648 404 2707 rogo,
426 2633 499 2706 uter¹
516 2631 612 2707 magis
636 2631 794 2704 amaretur,
817 2631 841 2688 si
864 2629 937 2688 mihi
960 2630 1075 2705 piratae

66 2719 141 2779 duos
163 2717 380 2778 reddidissent?

132 2807 199 2885 Age
221 2810 255 2865 tu
277 2825 364 2881 nunc,
386 2807 509 2882 iuvenis,
532 2808 570 2866 ad
593 2807 759 2866 faciendam
778 2807 895 2882 inopiae
917 2806 1012 2883 patris
1031 2809 1075 2865 in-
1091 2805 1127 2860 11

29 2896 193 2970 absidiam,
220 2897 246 2955 si
268 2896 398 2972 videtur,
426 2898 570 2955 exclama:
600 2892 720 2954 ‘famem
747 2896 895 2971 obtendis,
923 2897 961 2955 ad
985 2915 1074 2972 quam

64 3026 280 3037 ...φ-η*

137 3108 151 3155 1
177 3100 265 3154 semel
282 3117 333 3156 om.
352 3110 402 3155 Vl
411 3103 502 3171 '(sapr.
516 3102 557 3170 ιιι)
630 3107 646 3154 5
669 3099 754 3154 fuerit
768 3107 877 3170 praeter
895 3100 909 3152 f
912 3101 980 3153 —et
997 3117 1032 3153 er.
1048 3109 1076 3152 n

64 3181 90 3228 et
106 3175 239 3228 murram
255 3174 365 3241 reliquit
431 3173 516 3241 periit
534 3181 567 3225 Ι
636 3172 776 3226 'tredemi
792 3188 829 3225 er.
844 3180 872 3224 B
941 3175 963 3222 8Ἰ
976 3170 1074 3223 huma-

65 3259 222 3314 narumque
240 3253 273 3311 n,
291 3254 393 3299 corsa
473 3244 508 3297 de
526 3244 621 3298 nostra
640 3261 675 3298 er.
690 3253 718 3297 B
802 3248 835 3296 13
853 3242 1078 3311 praestatem

67 3323 99 3369 16
118 3332 218 3385 quam:
239 3330 311 3383 quae
325 3326 346 3368 c
397 3320 430 3369 18
449 3317 657 3385 properantem:
675 3314 891 3384 prosperitatem
904 3321 930 3365 J
980 3318 1012 3366 al
1034 3312 1076 3365 di-

65 3387 136 3440 rexi:
160 3385 280 3439 dixerim
297 3395 326 3439 15
404 3391 437 3440 26
456 3386 830 3455 pro—conscendiom.15,
856 3383 920 3438 aad.
940 3384 972 3438 ia
989 3401 1074 3454 marg.

64 3461 205 3526 seperiora
223 3467 241 3509 a
312 3461 346 3512 29
364 3473 419 3528 age
437 3459 480 3511 tu:
500 3473 583 3526 agere
601 3467 639 3523 B,
657 3473 726 3511 corr.
741 3466 771 3523 ις
798 3457 880 3526 ageto
899 3467 920 3509 o
988 3472 1083 3508 nuuc:

65 3543 156 3594 nona

116 3628 272 3674 ommam
280 3633 483 3669 assumtam
497 3627 532 3669 ed.
548 3629 690 3677 Lehncrt.
919 3627 939 3678 'l
