2408 3840
379 160 849 220 onmnnanoxrrnuire.
1055 164 1120 230 331

103 329 176 391 ideo
196 332 348 406 naum,
373 333 408 390 nt
430 330 520 406 scias,
548 349 587 393 an
609 331 748 391 innocens
771 333 954 408 torqueatur.
1000 333 1122 393 unicam

103 421 193 495 pater
206 419 328 497 ignibru.
339 420 569 496 uerban'busque
586 421 767 497 interrogem
785 439 867 498 rogo,
886 421 958 497 quid
976 421 1121 498 ramnus,

103 510 132 568 si
154 507 384 586 pernegaverit?
428 508 575 586 videficet,
598 511 634 568 ut
655 508 767 583 laudes,
790 509 896 569 deinde
919 511 1063 586 dimittas,
1086 514 1122 571 nt

104 598 297 673 amplectaris
317 600 440 674 perusta
466 597 574 658 vitalia
596 600 627 657 et
649 597 741 656 laceri
761 601 890 675 pectoris
912 600 1037 659 wlnera
1058 601 1120 677 pie·

57 687 164 746 etati
191 704 295 747 rursus
321 687 487 747 admoveas.
535 688 615 746 solus
642 690 778 763 superest
803 688 900 764 pudor
926 689 1041 748 bomini
1068 692 1121 765 qui

103 774 198 835 torsit.
216 775 349 851 unicum,
367 779 403 836 ut
424 778 564 852 torquere
585 775 729 835 debuerit.
766 776 860 836 fumat
881 779 912 836 te
935 796 1051 837 necesse
1074 781 1121 838 ost

103 882 151 924 rea
178 863 240 925 ieta
265 865 427 940 pessimum
456 867 586 941 patrem,
618 868 649 925 et
676 865 774 925 odems
801 869 919 942 oportet
949 866 1045 925 filium
1072 870 1121 927 cui

103 953 278 1013 satisfacere
299 972 360 1013 non
381 955 485 1030 possis.
530 954 655 1014 iamiam
676 954 756 1014 malo
778 973 906 1031 venena,
928 955 1048 1031 terrum,
1072 975 1119 1017 su-

102 1041 184 1103 bitos
215 1042 294 1103 ictus
333 1043 573 1120 inprovisamqne
609 1046 743 1103 mortem.
796 1046 943 1104 incestum
976 1045 1028 1120 qni
1060 1065 1121 1104 non

60 1149 90 1192 ro
104 1129 211 1205 credit,
234 1133 372 1207 torquere
395 1151 455 1191 non
477 1132 578 1208 debet3
601 1134 655 1208 qui
677 1132 785 1207 credit,
808 1135 912 1192 statim
934 1133 1022 1192 debet
1044 1137 1120 1194 oeci·

102 1219 182 1279 dere.
226 1221 354 1295 quodsi
376 1223 525 1281 tormenta
548 1222 640 1281 etiarn
662 1221 717 1280 filii
740 1222 868 1298 placent,
891 1223 917 1280 si
939 1223 1120 1298 praestanda

103 1312 151 1368 est
168 1311 333 1369 satisfactio
351 1312 415 1369 tam
433 1311 555 1370 nefandi
572 1313 707 1385 rumoris,
731 1312 826 1388 exigo,
849 1330 885 1370 ne
904 1312 1011 1388 perdas
1029 1331 1119 1388 quae·

103 1399 244 1458 stionem:
267 1399 299 1458 in
321 1399 421 1458 media
439 1401 571 1474 civitate,
592 1401 710 1475 inipso
728 1400 876 1459 constitue
893 1400 984 1475 fama,
1007 1401 1120 1462 advoca

103 1487 176 1547 iilos
186 1488 343 1565 malignos,
360 1489 430 1548 illos
444 1490 582 1565 loquaces
600 1491 631 1548 at
644 1489 755 1548 saeculi
768 1508 831 1548 rem
846 1490 965 1564 exquire
980 1490 1119 1550 audiente

60 1593 89 1637 ro
103 1575 225 1652 popolo.
271 1596 372 1636 coram
393 1577 529 1637 omnibus
552 1579 687 1652 torqueri
709 1577 809 1653 debet,
840 1579 875 1637 de
900 1597 957 1654 quo
981 1579 1121 1639 locamur

103 1682 213 1725 omnes.
259 1666 423 1744 interroget
446 1668 571 1742 quisque
594 1667 674 1742 qnod
696 1667 790 1742 volet,
814 1669 876 1727 suis
900 1667 1035 1744 auribus,
1058 1671 1118 1730 suis

103 1753 207 1815 crena
224 1755 325 1815 oculis.
362 1774 414 1815 our
435 1757 468 1813 in
487 1755 622 1815 abditam
639 1758 841 1832 semotamque
864 1759 980 1832 partem
1003 1759 1119 1818 iuvenis

104 1841 283 1902 abducitur?
319 1847 464 1904 secretum
488 1844 671 1920 quaestionis
698 1864 752 1904 nee
774 1846 887 1905 incesto
910 1845 972 1904 fflio
996 1847 1120 1906 debetur

102 1949 159 1991 nec
180 1931 338 1991 innocenti.
376 1933 453 1993 dabo
476 1933 573 1992 adbuc
599 1933 678 1992 inter
699 1937 846 1994 secretum
872 1935 1119 2009 publicationem·
1157 1972 1160 1982 ,

59 2039 90 2081 ae
103 2039 163 2096 que
185 2022 461 2096 temperamentum.
507 2023 619 2082 advoca
643 2024 841 2099 propinquos,
868 2023 976 2082 adhibe
998 2027 1119 2100 amieos,

103 2109 292 2185 circumpone
314 2110 416 2171 iuveni
438 2113 529 2170 serios
552 2130 649 2185 senes,
674 2111 814 2171 intersint
835 2114 1045 2189 magistratus,
1066 2113 1119 2172 ad·

103 2199 213 2258 sistant
236 2199 345 2273 quibus
360 2199 469 2259 habere
487 2202 583 2275 possit
602 2202 707 2260 civitae
726 2201 822 2259 fidem.
859 2204 1012 2275 praestare
1030 2202 1118 2264 debes

104 2289 158 2346 aut
180 2287 254 2360 tibi,
276 2290 310 2346 nt
332 2289 457 2364 probare
480 2289 588 2364 possis,
616 2291 643 2348 si
664 2290 814 2349 confessus
837 2289 941 2365 finerit,
970 2294 1025 2350 aut
1046 2291 1118 2367 filio,

103 2377 132 2434 si
147 2377 363 2454 pernegaverit.
400 2380 433 2436 at
451 2382 493 2452 tu,
516 2378 652 2452 nefande,
674 2379 810 2452 crudelis,
832 2379 915 2438 toliis
935 2382 1117 2454 quaestionis
1132 2381 1173 2438 18

59 2484 89 2527 aa
104 2464 232 2525 alteram
257 2468 387 2541 partem,
415 2466 521 2540 efficis,
549 2485 586 2526 ne
612 2469 708 2542 possit
735 2467 865 2542 amplius
891 2468 1030 2528 innocens
1055 2489 1118 2530 esse

104 2555 157 2628 qni
178 2556 275 2615 rosus
299 2557 351 2614 est
394 2556 467 2631 quid
490 2558 586 2634 agunt
607 2559 711 2615 contra
733 2556 878 2632 populum
899 2560 1051 2617 tormenta
1073 2577 1117 2618 se÷

103 2640 206 2701 creta?
251 2643 398 2720 praedico,
421 2647 523 2718 testor,
545 2646 656 2704 iterum
678 2646 788 2704 dantur
810 2647 950 2724 malignis
974 2648 1118 2708 alimenta

103 2733 300 2807 sermonibus,
333 2737 363 2792 et
394 2753 412 2791 a
440 2735 615 2810 quaestione
647 2736 777 2809 seposita
809 2734 840 2792 in
873 2737 970 2796 maius
1002 2736 1119 2797 reditur

175 3015 312 3064 lnocena
330 3017 381 3062 M
454 3010 601 3078 torquetur
618 3018 653 3077 Β,
673 3026 690 3063 a
707 3021 815 3080 stipat
894 3012 999 3080 iquid
1019 3016 1067 3067 ·ὄ·
1088 3022 1121 3069 Ι

102 3077 259 3150 apaan}
277 3082 301 3149 (s
319 3082 414 3150 arb!
482 3079 638 3134 thominie
656 3091 685 3135 Β
755 3081 831 3135 rite
849 3091 871 3134 V
929 3082 1032 3137 oderis:
1053 3099 1118 3138 oon·¹

101 3184 173 3250 liae
236 3186 329 3242 8iam
347 3196 379 3240 Μ
440 3186 567 3241 9hictue
586 3196 608 3239 V
661 3188 799 3242 incertum
817 3197 844 3242 Β
912 3193 945 3242 10
964 3170 1077 3258 torqrtre
1091 3199 1120 3244 Β

103 3261 140 3311 11
157 3273 189 3327 qr
204 3265 235 3311 Μ
287 3257 339 3311 filii
353 3257 470 3322 etiams
524 3264 557 3312 12
575 3257 699 3313 nefando
713 3269 748 3324 B,
767 3277 834 3314 corr.
851 3270 881 3326 ὸς
896 3261 946 3314 -da
964 3270 995 3327 νς
1014 3277 1073 3315 -am
1087 3272 1121 3315 Β

103 3332 136 3381 16
156 3344 252 3382 omnes
270 3346 320 3383 om.
336 3339 369 3396 P,
387 3346 463 3398 supr.
477 3351 498 3390 p
598 3334 631 3383 18
650 3330 793 3384 abdicitnr
811 3340 838 3383 Β
925 3331 1030 3386 incerto
1049 3342 1077 3387 Β

101 3403 136 3453 20
156 3416 210 3468 que
228 3413 311 3464 oras
412 3403 441 3467 et
458 3407 522 3456 aute
540 3400 644 3455 adhibe
661 3412 689 3455 Β
790 3408 823 3455 21
844 3401 1119 3472 circumponens

101 3469 192 3527 emv
259 3471 441 3542 magistratos
459 3472 598 3526 adsistent
615 3482 637 3524 V
709 3478 742 3527 28
766 3489 852 3528 nom.
868 3483 900 3527 Β
971 3474 1065 3544 posita
1083 3485 1118 3545 P,

102 3557 132 3595 se
150 3558 260 3612 euprm
