<?xml version="1.0" encoding="UTF-8"?>
<!DOCTYPE html PUBLIC "-//W3C//DTD XHTML 1.0 Transitional//EN"
    "http://www.w3.org/TR/xhtml1/DTD/xhtml1-transitional.dtd">
<html xmlns="http://www.w3.org/1999/xhtml" xml:lang="en" lang="en">
 <head>
  <title>
</title>
<meta http-equiv="Content-Type" content="text/html;charset=utf-8" />
  <meta name='ocr-system' content='tesseract 3.04.00' />
  <meta name='ocr-capabilities' content='ocr_page ocr_carea ocr_par ocr_line ocrx_word'/>
</head>
<body>
  <div class='ocr_page' id='page_1' title='image "./qvintilianiqvae01quingoog_0088.png"; bbox 0 0 2408 3840; ppageno 0'>
   <div class='ocr_carea' id='block_1_1' title="bbox 396 137 1111 204">
    <p class='ocr_par' dir='ltr' id='par_1_1' title="bbox 396 137 1111 204">
     <span class='ocr_line' id='line_1_1' title="bbox 396 137 1111 204; baseline 0.003 -13"><span class='ocrx_word' id='word_1_1' title='bbox 396 137 629 194; x_wconf 80' lang='lat' dir='ltr'><strong>DECLAMATIO</strong></span> <span class='ocrx_word' id='word_1_2' title='bbox 648 138 687 192; x_wconf 87' lang='lat'>111</span> <span class='ocrx_word' id='word_1_3' title='bbox 702 145 813 193; x_wconf 79' lang='grc'><strong>12-15.</strong></span> <span class='ocrx_word' id='word_1_4' title='bbox 1068 140 1111 204; x_wconf 83' lang='grc'>53</span> 
     </span>
    </p>
   </div>
   <div class='ocr_carea' id='block_1_2' title="bbox 61 307 1166 2786">
    <p class='ocr_par' dir='ltr' id='par_1_2' title="bbox 61 307 1166 2786">
     <span class='ocr_line' id='line_1_2' title="bbox 99 307 1112 385; baseline 0.004 -21"><span class='ocrx_word' id='word_1_5' title='bbox 99 307 221 366; x_wconf 87' lang='lat' dir='ltr'>brevem</span> <span class='ocrx_word' id='word_1_6' title='bbox 245 307 350 366; x_wconf 84' lang='lat' dir='ltr'>saltem</span> <span class='ocrx_word' id='word_1_7' title='bbox 372 307 556 385; x_wconf 81' lang='lat' dir='ltr'>frugalitatis</span> <span class='ocrx_word' id='word_1_8' title='bbox 579 308 709 383; x_wconf 82' lang='lat' dir='ltr'>perferet</span> <span class='ocrx_word' id='word_1_9' title='bbox 731 309 961 384; x_wconf 67' lang='lat' dir='ltr'>simulationem,</span> <span class='ocrx_word' id='word_1_10' title='bbox 984 329 1021 368; x_wconf 92' lang='lat' dir='ltr'>ne</span> <span class='ocrx_word' id='word_1_11' title='bbox 1039 309 1112 368; x_wconf 89' lang='lat' dir='ltr'>haec</span> 
     </span>
     <span class='ocr_line' id='line_1_3' title="bbox 103 394 579 456; baseline 0 -2"><span class='ocrx_word' id='word_1_12' title='bbox 103 395 188 454; x_wconf 88' lang='lat' dir='ltr'>illum</span> <span class='ocrx_word' id='word_1_13' title='bbox 210 396 307 456; x_wconf 83' lang='lat' dir='ltr'>facere</span> <span class='ocrx_word' id='word_1_14' title='bbox 329 396 439 455; x_wconf 87' lang='lat' dir='ltr'>milites</span> <span class='ocrx_word' id='word_1_15' title='bbox 463 394 579 456; x_wconf 79' lang='lat' dir='ltr'>sciant?</span> 
     </span>
     <span class='ocr_line' id='line_1_4' title="bbox 168 484 1165 562; baseline -0.001 -19"><span class='ocrx_word' id='word_1_16' title='bbox 168 484 235 562; x_wconf 87' lang='lat' dir='ltr'>Age</span> <span class='ocrx_word' id='word_1_17' title='bbox 257 504 359 560; x_wconf 90' lang='lat' dir='ltr'>porro,</span> <span class='ocrx_word' id='word_1_18' title='bbox 386 487 412 545; x_wconf 88' lang='lat' dir='ltr'>si</span> <span class='ocrx_word' id='word_1_19' title='bbox 433 487 549 544; x_wconf 84' lang='lat' dir='ltr'>viveret</span> <span class='ocrx_word' id='word_1_20' title='bbox 570 485 721 560; x_wconf 82' lang='lat' dir='ltr'>tribunus,</span> <span class='ocrx_word' id='word_1_21' title='bbox 746 489 776 544; x_wconf 91' lang='lat' dir='ltr'>et</span> <span class='ocrx_word' id='word_1_22' title='bbox 797 487 853 545; x_wconf 90' lang='lat' dir='ltr'>hoc</span> <span class='ocrx_word' id='word_1_23' title='bbox 877 486 914 544; x_wconf 89' lang='lat' dir='ltr'>ad</span> <span class='ocrx_word' id='word_1_24' title='bbox 937 489 967 545; x_wconf 92' lang='lat' dir='ltr'>te</span> <span class='ocrx_word' id='word_1_25' title='bbox 990 487 1111 562; x_wconf 77' lang='lat' dir='ltr'>factum,</span> <span class='ocrx_word' id='word_1_26' title='bbox 1126 485 1165 542; x_wconf 82' lang='lat'>14</span> 
     </span>
     <span class='ocr_line' id='line_1_5' title="bbox 101 574 1112 651; baseline 0.004 -19"><span class='ocrx_word' id='word_1_27' title='bbox 101 576 274 650; x_wconf 88' lang='lat' dir='ltr'>imperator,</span> <span class='ocrx_word' id='word_1_28' title='bbox 307 574 499 649; x_wconf 86' lang='lat' dir='ltr'>deferremus,</span> <span class='ocrx_word' id='word_1_29' title='bbox 536 576 741 634; x_wconf 89' lang='lat' dir='ltr'>circumstaret</span> <span class='ocrx_word' id='word_1_30' title='bbox 772 576 926 634; x_wconf 81' lang='lat' dir='ltr'>universus</span> <span class='ocrx_word' id='word_1_31' title='bbox 959 577 1112 651; x_wconf 86' lang='lat' dir='ltr'>exercitus,</span> 
     </span>
     <span class='ocr_line' id='line_1_6' title="bbox 75 663 1113 740; baseline 0.002 -18"><span class='ocrx_word' id='word_1_32' title='bbox 75 682 154 722; x_wconf 75' lang='lat' dir='ltr'>onec</span> <span class='ocrx_word' id='word_1_33' title='bbox 177 664 256 722; x_wconf 89' lang='lat' dir='ltr'>hauc</span> <span class='ocrx_word' id='word_1_34' title='bbox 278 664 383 722; x_wconf 90' lang='lat' dir='ltr'>militis</span> <span class='ocrx_word' id='word_1_35' title='bbox 407 665 629 737; x_wconf 88' lang='lat' dir='ltr'>contumeliam,</span> <span class='ocrx_word' id='word_1_36' title='bbox 657 663 708 722; x_wconf 89' lang='lat' dir='ltr'>sed</span> <span class='ocrx_word' id='word_1_37' title='bbox 730 664 857 722; x_wconf 86' lang='lat' dir='ltr'>militiae</span> <span class='ocrx_word' id='word_1_38' title='bbox 880 666 1012 739; x_wconf 87' lang='lat' dir='ltr'>putaret,</span> <span class='ocrx_word' id='word_1_39' title='bbox 1041 665 1113 740; x_wconf 86' lang='lat' dir='ltr'>quid</span> 
     </span>
     <span class='ocr_line' id='line_1_7' title="bbox 100 749 1112 830; baseline 0.001 -19"><span class='ocrx_word' id='word_1_40' title='bbox 100 749 227 830; x_wconf 85' lang='lat' dir='ltr'>ageres?</span> <span class='ocrx_word' id='word_1_41' title='bbox 264 753 336 828; x_wconf 89' lang='lat' dir='ltr'>quid</span> <span class='ocrx_word' id='word_1_42' title='bbox 372 750 587 812; x_wconf 78' lang='lat' dir='ltr'><strong>constitueres?</strong></span> <span class='ocrx_word' id='word_1_43' title='bbox 631 752 805 811; x_wconf 88' lang='lat' dir='ltr'>beneficium</span> <span class='ocrx_word' id='word_1_44' title='bbox 837 755 990 829; x_wconf 88' lang='lat' dir='ltr'>accepisti,</span> <span class='ocrx_word' id='word_1_45' title='bbox 1027 753 1112 828; x_wconf 81' lang='lat' dir='ltr'>Mari,</span> 
     </span>
     <span class='ocr_line' id='line_1_8' title="bbox 99 840 1113 917; baseline 0.001 -17"><span class='ocrx_word' id='word_1_46' title='bbox 99 840 290 900; x_wconf 88' lang='lat' dir='ltr'>beneficium:</span> <span class='ocrx_word' id='word_1_47' title='bbox 313 859 373 900; x_wconf 94' lang='lat' dir='ltr'>non</span> <span class='ocrx_word' id='word_1_48' title='bbox 395 841 485 900; x_wconf 89' lang='lat' dir='ltr'>habes</span> <span class='ocrx_word' id='word_1_49' title='bbox 503 860 621 900; x_wconf 91' lang='lat' dir='ltr'>necesse</span> <span class='ocrx_word' id='word_1_50' title='bbox 643 843 845 917; x_wconf 89' lang='lat' dir='ltr'>propinquum</span> <span class='ocrx_word' id='word_1_51' title='bbox 867 844 953 900; x_wconf 90' lang='lat' dir='ltr'>tuum</span> <span class='ocrx_word' id='word_1_52' title='bbox 972 841 1113 901; x_wconf 86' lang='lat' dir='ltr'>occidere.</span> 
     </span>
     <span class='ocr_line' id='line_1_9' title="bbox 101 930 1114 1007; baseline 0.002 -19"><span class='ocrx_word' id='word_1_53' title='bbox 101 949 173 990; x_wconf 87' lang='lat' dir='ltr'>nam</span> <span class='ocrx_word' id='word_1_54' title='bbox 206 932 232 990; x_wconf 91' lang='lat' dir='ltr'>si</span> <span class='ocrx_word' id='word_1_55' title='bbox 258 949 325 989; x_wconf 81' lang='lat' dir='ltr'>vere</span> <span class='ocrx_word' id='word_1_56' title='bbox 358 932 560 1005; x_wconf 77' lang='lat' dir='ltr'>aestimemus,</span> <span class='ocrx_word' id='word_1_57' title='bbox 592 931 751 1006; x_wconf 89' lang='lat' dir='ltr'>imperium</span> <span class='ocrx_word' id='word_1_58' title='bbox 782 931 887 1007; x_wconf 86' lang='lat' dir='ltr'>populi</span> <span class='ocrx_word' id='word_1_59' title='bbox 917 931 1045 990; x_wconf 87' lang='lat' dir='ltr'>Romani</span> <span class='ocrx_word' id='word_1_60' title='bbox 1074 930 1114 990; x_wconf 87' lang='lat' dir='ltr'>ad</span> 
     </span>
     <span class='ocr_line' id='line_1_10' title="bbox 100 1019 1113 1095; baseline 0.001 -19"><span class='ocrx_word' id='word_1_61' title='bbox 100 1020 180 1078; x_wconf 89' lang='lat' dir='ltr'>hanc</span> <span class='ocrx_word' id='word_1_62' title='bbox 204 1019 282 1078; x_wconf 84' lang='lat' dir='ltr'>diem</span> <span class='ocrx_word' id='word_1_63' title='bbox 304 1020 431 1078; x_wconf 88' lang='lat' dir='ltr'>militari</span> <span class='ocrx_word' id='word_1_64' title='bbox 454 1019 612 1095; x_wconf 87' lang='lat' dir='ltr'>disciplina</span> <span class='ocrx_word' id='word_1_65' title='bbox 634 1021 725 1079; x_wconf 90' lang='lat' dir='ltr'>stetit.</span> <span class='ocrx_word' id='word_1_66' title='bbox 767 1040 827 1079; x_wconf 92' lang='lat' dir='ltr'>non</span> <span class='ocrx_word' id='word_1_67' title='bbox 850 1022 930 1079; x_wconf 89' lang='lat' dir='ltr'>enim</span> <span class='ocrx_word' id='word_1_68' title='bbox 952 1021 1036 1079; x_wconf 91' lang='lat' dir='ltr'>nobis</span> <span class='ocrx_word' id='word_1_69' title='bbox 1059 1022 1113 1078; x_wconf 89' lang='lat' dir='ltr'>aut</span> 
     </span>
     <span class='ocr_line' id='line_1_11' title="bbox 63 1108 1112 1185; baseline -0.002 -17"><span class='ocrx_word' id='word_1_70' title='bbox 63 1128 87 1168; x_wconf 82' lang='lat' dir='ltr'>io</span> <span class='ocrx_word' id='word_1_71' title='bbox 100 1108 265 1167; x_wconf 84' lang='lat' dir='ltr'>multitudo</span> <span class='ocrx_word' id='word_1_72' title='bbox 288 1111 383 1168; x_wconf 87' lang='lat' dir='ltr'>maior</span> <span class='ocrx_word' id='word_1_73' title='bbox 406 1110 451 1168; x_wconf 89' lang='lat' dir='ltr'>est</span> <span class='ocrx_word' id='word_1_74' title='bbox 473 1128 563 1185; x_wconf 89' lang='lat' dir='ltr'>quam</span> <span class='ocrx_word' id='word_1_75' title='bbox 586 1110 690 1167; x_wconf 63' lang='lat' dir='ltr'>ceteris</span> <span class='ocrx_word' id='word_1_76' title='bbox 714 1108 859 1185; x_wconf 72' lang='lat' dir='ltr'>gentibue,</span> <span class='ocrx_word' id='word_1_77' title='bbox 883 1112 937 1168; x_wconf 89' lang='lat' dir='ltr'>aut</span> <span class='ocrx_word' id='word_1_78' title='bbox 957 1110 1112 1168; x_wconf 85' lang='lat' dir='ltr'>vehemen-</span> 
     </span>
     <span class='ocr_line' id='line_1_12' title="bbox 100 1196 1112 1273; baseline 0.001 -16"><span class='ocrx_word' id='word_1_79' title='bbox 100 1198 182 1257; x_wconf 88' lang='lat' dir='ltr'>tiora</span> <span class='ocrx_word' id='word_1_80' title='bbox 201 1215 325 1272; x_wconf 89' lang='lat' dir='ltr'>corpora</span> <span class='ocrx_word' id='word_1_81' title='bbox 343 1218 434 1273; x_wconf 90' lang='lat' dir='ltr'>quam</span> <span class='ocrx_word' id='word_1_82' title='bbox 450 1199 499 1256; x_wconf 86' lang='lat' dir='ltr'>vel</span> <span class='ocrx_word' id='word_1_83' title='bbox 516 1199 563 1258; x_wconf 91' lang='lat' dir='ltr'>his</span> <span class='ocrx_word' id='word_1_84' title='bbox 583 1216 648 1257; x_wconf 85' lang='lat' dir='ltr'>ecce</span> <span class='ocrx_word' id='word_1_85' title='bbox 668 1196 802 1273; x_wconf 76' lang='lat' dir='ltr'>Cimbris,</span> <span class='ocrx_word' id='word_1_86' title='bbox 825 1200 879 1257; x_wconf 93' lang='lat' dir='ltr'>aut</span> <span class='ocrx_word' id='word_1_87' title='bbox 896 1199 1023 1258; x_wconf 87' lang='lat' dir='ltr'>maiores</span> <span class='ocrx_word' id='word_1_88' title='bbox 1043 1216 1112 1273; x_wconf 90' lang='lat' dir='ltr'>opes</span> 
     </span>
     <span class='ocr_line' id='line_1_13' title="bbox 101 1286 1113 1364; baseline 0.001 -20"><span class='ocrx_word' id='word_1_89' title='bbox 101 1305 194 1362; x_wconf 90' lang='lat' dir='ltr'>quam</span> <span class='ocrx_word' id='word_1_90' title='bbox 216 1286 456 1361; x_wconf 79' lang='lat' dir='ltr'>locupletissimis</span> <span class='ocrx_word' id='word_1_91' title='bbox 474 1288 573 1364; x_wconf 87' lang='lat' dir='ltr'>regnis</span> <span class='ocrx_word' id='word_1_92' title='bbox 592 1289 645 1345; x_wconf 87' lang='lat' dir='ltr'>aut</span> <span class='ocrx_word' id='word_1_93' title='bbox 663 1288 768 1345; x_wconf 88' lang='lat' dir='ltr'>mortis</span> <span class='ocrx_word' id='word_1_94' title='bbox 787 1289 972 1362; x_wconf 90' lang='lat' dir='ltr'>contemptus</span> <span class='ocrx_word' id='word_1_95' title='bbox 995 1287 1113 1346; x_wconf 76' lang='lat' dir='ltr'>facilior</span> 
     </span>
     <span class='ocr_line' id='line_1_14' title="bbox 102 1374 1112 1451; baseline -0.001 -18"><span class='ocrx_word' id='word_1_96' title='bbox 102 1394 194 1451; x_wconf 89' lang='lat' dir='ltr'>quam</span> <span class='ocrx_word' id='word_1_97' title='bbox 225 1374 375 1451; x_wconf 89' lang='lat' dir='ltr'>plerisque</span> <span class='ocrx_word' id='word_1_98' title='bbox 406 1375 540 1435; x_wconf 86' lang='lat' dir='ltr'>barbaris</span> <span class='ocrx_word' id='word_1_99' title='bbox 572 1394 693 1436; x_wconf 85' lang='lat' dir='ltr'>causam</span> <span class='ocrx_word' id='word_1_100' title='bbox 724 1377 805 1435; x_wconf 81' lang='lat' dir='ltr'>vitae</span> <span class='ocrx_word' id='word_1_101' title='bbox 836 1395 896 1434; x_wconf 92' lang='lat' dir='ltr'>non</span> <span class='ocrx_word' id='word_1_102' title='bbox 927 1375 1112 1436; x_wconf 88' lang='lat' dir='ltr'>habentibus.</span> 
     </span>
     <span class='ocr_line' id='line_1_15' title="bbox 101 1463 1113 1540; baseline 0.001 -18"><span class='ocrx_word' id='word_1_103' title='bbox 101 1465 252 1540; x_wconf 83' lang='lat' dir='ltr'>principes</span> <span class='ocrx_word' id='word_1_104' title='bbox 278 1484 332 1524; x_wconf 88' lang='lat' dir='ltr'>nos</span> <span class='ocrx_word' id='word_1_105' title='bbox 359 1466 433 1524; x_wconf 88' lang='lat' dir='ltr'>facit</span> <span class='ocrx_word' id='word_1_106' title='bbox 460 1463 602 1525; x_wconf 84' lang='lat' dir='ltr'>severitas</span> <span class='ocrx_word' id='word_1_107' title='bbox 629 1466 849 1539; x_wconf 86' lang='lat' dir='ltr'>institutorum,</span> <span class='ocrx_word' id='word_1_108' title='bbox 877 1465 949 1524; x_wconf 91' lang='lat' dir='ltr'>ordo</span> <span class='ocrx_word' id='word_1_109' title='bbox 977 1465 1113 1538; x_wconf 85' lang='lat' dir='ltr'>militiae,</span> 
     </span>
     <span class='ocr_line' id='line_1_16' title="bbox 67 1551 1114 1629; baseline 0 -16"><span class='ocrx_word' id='word_1_110' title='bbox 67 1574 88 1615; x_wconf 88' lang='lat'>15</span> <span class='ocrx_word' id='word_1_111' title='bbox 101 1572 188 1613; x_wconf 89' lang='lat' dir='ltr'>amor</span> <span class='ocrx_word' id='word_1_112' title='bbox 215 1551 337 1629; x_wconf 88' lang='lat' dir='ltr'>quidam</span> <span class='ocrx_word' id='word_1_113' title='bbox 362 1553 487 1628; x_wconf 90' lang='lat' dir='ltr'>laboris,</span> <span class='ocrx_word' id='word_1_114' title='bbox 515 1556 545 1612; x_wconf 93' lang='lat' dir='ltr'>et</span> <span class='ocrx_word' id='word_1_115' title='bbox 573 1554 724 1613; x_wconf 83' lang='lat' dir='ltr'>cotidiana</span> <span class='ocrx_word' id='word_1_116' title='bbox 752 1555 962 1613; x_wconf 83' lang='lat' dir='ltr'>exercitatione</span> <span class='ocrx_word' id='word_1_117' title='bbox 995 1554 1114 1614; x_wconf 88' lang='lat' dir='ltr'>assidua</span> 
     </span>
     <span class='ocr_line' id='line_1_17' title="bbox 102 1642 1113 1719; baseline 0.002 -19"><span class='ocrx_word' id='word_1_118' title='bbox 102 1642 175 1700; x_wconf 91' lang='lat' dir='ltr'>belli</span> <span class='ocrx_word' id='word_1_119' title='bbox 198 1642 362 1701; x_wconf 83' lang='lat' dir='ltr'>meditatie.</span> <span class='ocrx_word' id='word_1_120' title='bbox 399 1644 501 1719; x_wconf 90' lang='lat' dir='ltr'>itaque</span> <span class='ocrx_word' id='word_1_121' title='bbox 519 1643 607 1718; x_wconf 92' lang='lat' dir='ltr'>plura</span> <span class='ocrx_word' id='word_1_122' title='bbox 627 1646 722 1718; x_wconf 80' lang='lat' dir='ltr'>paent</span> <span class='ocrx_word' id='word_1_123' title='bbox 740 1643 872 1702; x_wconf 87' lang='lat' dir='ltr'>moribus</span> <span class='ocrx_word' id='word_1_124' title='bbox 892 1662 981 1719; x_wconf 87' lang='lat' dir='ltr'>quam</span> <span class='ocrx_word' id='word_1_125' title='bbox 1000 1643 1113 1702; x_wconf 78' lang='lat' dir='ltr'>viribus</span> 
     </span>
     <span class='ocr_line' id='line_1_18' title="bbox 64 1732 1114 1821; baseline -0.001 -31"><span class='ocrx_word' id='word_1_126' title='bbox 64 1800 74 1821; x_wconf 31' lang='lat' dir='ltr'>x</span> <span class='ocrx_word' id='word_1_127' title='bbox 102 1733 238 1805; x_wconf 82' lang='lat' dir='ltr'>vicimus,</span> <span class='ocrx_word' id='word_1_128' title='bbox 262 1750 329 1790; x_wconf 87' lang='lat' dir='ltr'>oum</span> <span class='ocrx_word' id='word_1_129' title='bbox 351 1732 488 1806; x_wconf 82' lang='lat' dir='ltr'>captivae</span> <span class='ocrx_word' id='word_1_130' title='bbox 511 1751 627 1807; x_wconf 90' lang='lat' dir='ltr'>quoque</span> <span class='ocrx_word' id='word_1_131' title='bbox 651 1734 753 1791; x_wconf 86' lang='lat' dir='ltr'>sancte</span> <span class='ocrx_word' id='word_1_132' title='bbox 775 1732 969 1806; x_wconf 87' lang='lat' dir='ltr'>habebantur,</span> <span class='ocrx_word' id='word_1_133' title='bbox 993 1734 1023 1790; x_wconf 88' lang='lat' dir='ltr'>et</span> <span class='ocrx_word' id='word_1_134' title='bbox 1045 1750 1114 1791; x_wconf 86' lang='lat' dir='ltr'>con·</span> 
     </span>
     <span class='ocr_line' id='line_1_19' title="bbox 101 1820 1113 1898; baseline -0.001 -18"><span class='ocrx_word' id='word_1_135' title='bbox 101 1821 228 1880; x_wconf 88' lang='lat' dir='ltr'>tumelia</span> <span class='ocrx_word' id='word_1_136' title='bbox 256 1822 347 1880; x_wconf 88' lang='lat' dir='ltr'>etiam</span> <span class='ocrx_word' id='word_1_137' title='bbox 368 1822 449 1880; x_wconf 87' lang='lat' dir='ltr'>hosti</span> <span class='ocrx_word' id='word_1_138' title='bbox 472 1820 583 1880; x_wconf 86' lang='lat' dir='ltr'>aberat.</span> <span class='ocrx_word' id='word_1_139' title='bbox 629 1840 705 1896; x_wconf 90' lang='lat' dir='ltr'>quae</span> <span class='ocrx_word' id='word_1_140' title='bbox 728 1822 828 1880; x_wconf 91' lang='lat' dir='ltr'>omnia</span> <span class='ocrx_word' id='word_1_141' title='bbox 854 1821 945 1898; x_wconf 85' lang='lat' dir='ltr'>longa</span> <span class='ocrx_word' id='word_1_142' title='bbox 970 1820 1113 1896; x_wconf 86' lang='lat' dir='ltr'>superbae</span> 
     </span>
     <span class='ocr_line' id='line_1_20' title="bbox 101 1908 1112 1971; baseline 0 -4"><span class='ocrx_word' id='word_1_143' title='bbox 101 1908 271 1969; x_wconf 84' lang='lat' dir='ltr'>nobilitatis</span> <span class='ocrx_word' id='word_1_144' title='bbox 293 1911 463 1970; x_wconf 88' lang='lat' dir='ltr'>intermissa</span> <span class='ocrx_word' id='word_1_145' title='bbox 489 1910 607 1968; x_wconf 83' lang='lat' dir='ltr'>luxuria</span> <span class='ocrx_word' id='word_1_146' title='bbox 638 1911 685 1968; x_wconf 90' lang='lat' dir='ltr'>tui</span> <span class='ocrx_word' id='word_1_147' title='bbox 711 1910 797 1969; x_wconf 88' lang='lat' dir='ltr'>nobis</span> <span class='ocrx_word' id='word_1_148' title='bbox 819 1930 915 1971; x_wconf 90' lang='lat' dir='ltr'>mores</span> <span class='ocrx_word' id='word_1_149' title='bbox 938 1911 1112 1970; x_wconf 89' lang='lat' dir='ltr'>retulerunt.</span> 
     </span>
     <span class='ocr_line' id='line_1_21' title="bbox 64 1981 1166 2076; baseline 0 -18"><span class='ocrx_word' id='word_1_150' title='bbox 64 2018 88 2058; x_wconf 78' lang='lat' dir='ltr'>ao</span> <span class='ocrx_word' id='word_1_151' title='bbox 101 1998 134 2056; x_wconf 90' lang='lat' dir='ltr'>di</span> <span class='ocrx_word' id='word_1_152' title='bbox 156 1999 292 2074; x_wconf 85' lang='lat' dir='ltr'>profecto</span> <span class='ocrx_word' id='word_1_153' title='bbox 315 1997 551 2076; x_wconf 84' lang='lat' dir='ltr'>magnitudinem</span> <span class='ocrx_word' id='word_1_154' title='bbox 573 2001 657 2057; x_wconf 87' lang='lat' dir='ltr'>tuam</span> <span class='ocrx_word' id='word_1_155' title='bbox 680 2003 794 2073; x_wconf 88' lang='lat' dir='ltr'>curant,</span> <span class='ocrx_word' id='word_1_156' title='bbox 817 2001 988 2075; x_wconf 88' lang='lat' dir='ltr'>imperator,</span> <span class='ocrx_word' id='word_1_157' title='bbox 1012 2019 1046 2058; x_wconf 91' lang='lat' dir='ltr'>ac</span> <span class='ocrx_word' id='word_1_158' title='bbox 1070 1981 1166 2058; x_wconf 73' lang='grc' dir='ltr'><strong>(11·Ῑῦ</strong></span> 
     </span>
     <span class='ocr_line' id='line_1_22' title="bbox 100 2087 1114 2164; baseline 0 -18"><span class='ocrx_word' id='word_1_159' title='bbox 100 2088 207 2164; x_wconf 89' lang='lat' dir='ltr'>rigunt</span> <span class='ocrx_word' id='word_1_160' title='bbox 230 2088 283 2163; x_wconf 90' lang='lat' dir='ltr'>qui</span> <span class='ocrx_word' id='word_1_161' title='bbox 309 2087 366 2145; x_wconf 88' lang='lat' dir='ltr'>tibi</span> <span class='ocrx_word' id='word_1_162' title='bbox 393 2107 480 2163; x_wconf 90' lang='lat' dir='ltr'>super</span> <span class='ocrx_word' id='word_1_163' title='bbox 508 2089 619 2147; x_wconf 89' lang='lat' dir='ltr'>ceteras</span> <span class='ocrx_word' id='word_1_164' title='bbox 647 2088 749 2149; x_wconf 89' lang='lat' dir='ltr'>laudes</span> <span class='ocrx_word' id='word_1_165' title='bbox 779 2088 950 2147; x_wconf 90' lang='lat' dir='ltr'>obtulerunt</span> <span class='ocrx_word' id='word_1_166' title='bbox 976 2092 1040 2147; x_wconf 89' lang='lat' dir='ltr'>tam</span> <span class='ocrx_word' id='word_1_167' title='bbox 1063 2088 1114 2146; x_wconf 93' lang='lat' dir='ltr'>ho·</span> 
     </span>
     <span class='ocr_line' id='line_1_23' title="bbox 101 2177 1115 2252; baseline 0.002 -18"><span class='ocrx_word' id='word_1_168' title='bbox 101 2178 205 2236; x_wconf 89' lang='lat' dir='ltr'>nestae</span> <span class='ocrx_word' id='word_1_169' title='bbox 228 2177 393 2236; x_wconf 89' lang='lat' dir='ltr'>sententiae</span> <span class='ocrx_word' id='word_1_170' title='bbox 412 2178 602 2236; x_wconf 85' lang='lat' dir='ltr'>occasionem.</span> <span class='ocrx_word' id='word_1_171' title='bbox 640 2177 720 2252; x_wconf 86' lang='lat' dir='ltr'>quod</span> <span class='ocrx_word' id='word_1_172' title='bbox 736 2178 822 2238; x_wconf 89' lang='lat' dir='ltr'>miles</span> <span class='ocrx_word' id='word_1_173' title='bbox 845 2178 963 2236; x_wconf 85' lang='lat' dir='ltr'>fortiter</span> <span class='ocrx_word' id='word_1_174' title='bbox 985 2178 1065 2249; x_wconf 83' lang='lat' dir='ltr'>fecit,</span> <span class='ocrx_word' id='word_1_175' title='bbox 1089 2177 1115 2236; x_wconf 88' lang='lat' dir='ltr'>si</span> 
     </span>
     <span class='ocr_line' id='line_1_24' title="bbox 101 2265 623 2340; baseline -0.002 -17"><span class='ocrx_word' id='word_1_176' title='bbox 101 2265 251 2339; x_wconf 85' lang='lat' dir='ltr'>absolvas,</span> <span class='ocrx_word' id='word_1_177' title='bbox 273 2267 359 2324; x_wconf 89' lang='lat' dir='ltr'>tuum</span> <span class='ocrx_word' id='word_1_178' title='bbox 382 2265 549 2340; x_wconf 83' lang='lat' dir='ltr'>exemplum</span> <span class='ocrx_word' id='word_1_179' title='bbox 571 2268 623 2325; x_wconf 89' lang='lat' dir='ltr'>est.</span> 
     </span>
     <span class='ocr_line' id='line_1_25' title="bbox 170 2353 1114 2430; baseline 0.001 -19"><span class='ocrx_word' id='word_1_180' title='bbox 170 2354 239 2413; x_wconf 87' lang='lat' dir='ltr'>Nisi</span> <span class='ocrx_word' id='word_1_181' title='bbox 265 2355 342 2413; x_wconf 88' lang='lat' dir='ltr'>forte</span> <span class='ocrx_word' id='word_1_182' title='bbox 368 2355 424 2413; x_wconf 93' lang='lat' dir='ltr'>hoc</span> <span class='ocrx_word' id='word_1_183' title='bbox 451 2374 498 2413; x_wconf 93' lang='lat' dir='ltr'>me</span> <span class='ocrx_word' id='word_1_184' title='bbox 527 2355 697 2430; x_wconf 89' lang='lat' dir='ltr'>perturbari</span> <span class='ocrx_word' id='word_1_185' title='bbox 723 2355 838 2430; x_wconf 86' lang='lat' dir='ltr'>putatis</span> <span class='ocrx_word' id='word_1_186' title='bbox 868 2353 947 2428; x_wconf 88' lang='lat' dir='ltr'>quod</span> <span class='ocrx_word' id='word_1_187' title='bbox 976 2353 1114 2412; x_wconf 86' lang='lat' dir='ltr'>tribunus</span> 
     </span>
     <span class='ocr_line' id='line_1_26' title="bbox 61 2441 1114 2520; baseline -0.002 -18"><span class='ocrx_word' id='word_1_188' title='bbox 61 2463 86 2503; x_wconf 82' lang='lat' dir='ltr'>ss</span> <span class='ocrx_word' id='word_1_189' title='bbox 100 2444 170 2500; x_wconf 81' lang='lat' dir='ltr'>fuit.</span> <span class='ocrx_word' id='word_1_190' title='bbox 207 2442 275 2502; x_wconf 90' lang='lat' dir='ltr'>ideo</span> <span class='ocrx_word' id='word_1_191' title='bbox 297 2444 415 2502; x_wconf 91' lang='lat' dir='ltr'>hercule</span> <span class='ocrx_word' id='word_1_192' title='bbox 432 2444 558 2519; x_wconf 87' lang='lat' dir='ltr'>turpior,</span> <span class='ocrx_word' id='word_1_193' title='bbox 580 2444 648 2502; x_wconf 83' lang='lat' dir='ltr'>ideo</span> <span class='ocrx_word' id='word_1_194' title='bbox 666 2446 762 2502; x_wconf 89' lang='lat' dir='ltr'>morte</span> <span class='ocrx_word' id='word_1_195' title='bbox 781 2444 861 2501; x_wconf 91' lang='lat' dir='ltr'>omni</span> <span class='ocrx_word' id='word_1_196' title='bbox 880 2441 1004 2520; x_wconf 80' lang='lat' dir='ltr'>dignior.</span> <span class='ocrx_word' id='word_1_197' title='bbox 1041 2443 1114 2501; x_wconf 90' lang='lat' dir='ltr'>haec</span> 
     </span>
     <span class='ocr_line' id='line_1_27' title="bbox 102 2531 1114 2608; baseline 0 -18"><span class='ocrx_word' id='word_1_198' title='bbox 102 2533 185 2590; x_wconf 89' lang='lat' dir='ltr'>enim</span> <span class='ocrx_word' id='word_1_199' title='bbox 208 2531 342 2591; x_wconf 81' lang='lat' dir='ltr'>condicio</span> <span class='ocrx_word' id='word_1_200' title='bbox 366 2535 551 2608; x_wconf 89' lang='lat' dir='ltr'>superiorum</span> <span class='ocrx_word' id='word_1_201' title='bbox 574 2536 631 2607; x_wconf 90' lang='lat' dir='ltr'>est,</span> <span class='ocrx_word' id='word_1_202' title='bbox 654 2535 689 2590; x_wconf 89' lang='lat' dir='ltr'>ut</span> <span class='ocrx_word' id='word_1_203' title='bbox 712 2531 854 2608; x_wconf 87' lang='lat' dir='ltr'>quicquid</span> <span class='ocrx_word' id='word_1_204' title='bbox 876 2533 1004 2606; x_wconf 90' lang='lat' dir='ltr'>faciunt,</span> <span class='ocrx_word' id='word_1_205' title='bbox 1029 2551 1114 2607; x_wconf 90' lang='lat' dir='ltr'>prae·</span> 
     </span>
     <span class='ocr_line' id='line_1_28' title="bbox 102 2621 1114 2697; baseline -0.001 -17"><span class='ocrx_word' id='word_1_206' title='bbox 102 2622 202 2696; x_wconf 90' lang='lat' dir='ltr'>cipere</span> <span class='ocrx_word' id='word_1_207' title='bbox 224 2621 392 2696; x_wconf 87' lang='lat' dir='ltr'>videantur,</span> <span class='ocrx_word' id='word_1_208' title='bbox 419 2624 449 2680; x_wconf 90' lang='lat' dir='ltr'>et</span> <span class='ocrx_word' id='word_1_209' title='bbox 471 2623 736 2697; x_wconf 89' lang='lat' dir='ltr'>perniciosissimus</span> <span class='ocrx_word' id='word_1_210' title='bbox 764 2624 809 2680; x_wconf 91' lang='lat' dir='ltr'>est</span> <span class='ocrx_word' id='word_1_211' title='bbox 831 2622 927 2680; x_wconf 88' lang='lat' dir='ltr'>malae</span> <span class='ocrx_word' id='word_1_212' title='bbox 950 2622 995 2679; x_wconf 89' lang='lat' dir='ltr'>rei</span> <span class='ocrx_word' id='word_1_213' title='bbox 1022 2622 1114 2679; x_wconf 85' lang='lat' dir='ltr'>maxi-</span> 
     </span>
     <span class='ocr_line' id='line_1_29' title="bbox 101 2707 1113 2786; baseline -0.001 -18"><span class='ocrx_word' id='word_1_214' title='bbox 101 2729 169 2768; x_wconf 90' lang='lat' dir='ltr'>mus</span> <span class='ocrx_word' id='word_1_215' title='bbox 193 2711 318 2785; x_wconf 91' lang='lat' dir='ltr'>quisque</span> <span class='ocrx_word' id='word_1_216' title='bbox 346 2713 457 2770; x_wconf 87' lang='lat' dir='ltr'>auctor.</span> <span class='ocrx_word' id='word_1_217' title='bbox 504 2712 570 2786; x_wconf 90' lang='lat' dir='ltr'>quis</span> <span class='ocrx_word' id='word_1_218' title='bbox 599 2709 762 2770; x_wconf 90' lang='lat' dir='ltr'>continebit</span> <span class='ocrx_word' id='word_1_219' title='bbox 788 2707 949 2769; x_wconf 78' lang='lat' dir='ltr'>militiam?</span> <span class='ocrx_word' id='word_1_220' title='bbox 978 2711 1043 2785; x_wconf 85' lang='lat' dir='ltr'>quis</span> <span class='ocrx_word' id='word_1_221' title='bbox 1067 2728 1113 2768; x_wconf 91' lang='lat' dir='ltr'>ca·</span> 
     </span>
    </p>
   </div>
   <div class='ocr_carea' id='block_1_3' title="bbox 101 2881 1117 3412">
    <p class='ocr_par' dir='ltr' id='par_1_3' title="bbox 101 2881 1117 3412">
     <span class='ocr_line' id='line_1_30' title="bbox 177 2881 1044 2984; baseline 0.001 -19"><span class='ocrx_word' id='word_1_222' title='bbox 177 2881 366 2968; x_wconf 73' lang='lat' dir='ltr'>3vivereb11</span> <span class='ocrx_word' id='word_1_223' title='bbox 440 2915 587 2980; x_wconf 73' lang='lat' dir='ltr'>umilitus</span> <span class='ocrx_word' id='word_1_224' title='bbox 605 2924 633 2967; x_wconf 99' lang='grc' dir='ltr'><em>Β</em></span> <span class='ocrx_word' id='word_1_225' title='bbox 710 2916 779 2983; x_wconf 89' lang='lat' dir='ltr'>quid</span> <span class='ocrx_word' id='word_1_226' title='bbox 801 2933 851 2971; x_wconf 83' lang='lat' dir='ltr'>cm.</span> <span class='ocrx_word' id='word_1_227' title='bbox 867 2926 904 2984; x_wconf 79' lang='grc' dir='ltr'>Β,</span> <span class='ocrx_word' id='word_1_228' title='bbox 922 2931 997 2983; x_wconf 74' lang='lat' dir='ltr'>supr.</span> <span class='ocrx_word' id='word_1_229' title='bbox 1012 2936 1044 2966; x_wconf 87' lang='lat' dir='ltr'>m</span> 
     </span>
     <span class='ocr_line' id='line_1_31' title="bbox 102 2985 1115 3056; baseline 0 -19"><span class='ocrx_word' id='word_1_230' title='bbox 102 2985 310 3039; x_wconf 80' lang='lat' dir='ltr'>ocentitueres</span> <span class='ocrx_word' id='word_1_231' title='bbox 329 2995 363 3054; x_wconf 85' lang='grc' dir='ltr'>Β,</span> <span class='ocrx_word' id='word_1_232' title='bbox 382 2997 484 3041; x_wconf 66' lang='lat' dir='ltr'>corso</span> <span class='ocrx_word' id='word_1_233' title='bbox 537 2987 647 3055; x_wconf 87' lang='lat' dir='ltr'>accepis</span> <span class='ocrx_word' id='word_1_234' title='bbox 667 2996 688 3038; x_wconf 75' lang='lat' dir='ltr'><strong><em>V</em></strong></span> <span class='ocrx_word' id='word_1_235' title='bbox 757 2990 871 3040; x_wconf 72' lang='lat' dir='ltr'>ltuum</span> <span class='ocrx_word' id='word_1_236' title='bbox 889 3003 939 3042; x_wconf 84' lang='lat' dir='ltr'>om.</span> <span class='ocrx_word' id='word_1_237' title='bbox 954 2995 989 3052; x_wconf 82' lang='grc' dir='ltr'>Β,</span> <span class='ocrx_word' id='word_1_238' title='bbox 1007 2996 1115 3056; x_wconf 60' lang='lat' dir='ltr'>semo</span> 
     </span>
     <span class='ocr_line' id='line_1_32' title="bbox 101 3057 1062 3126; baseline -0.002 -16"><span class='ocrx_word' id='word_1_239' title='bbox 101 3059 393 3126; x_wconf 48' lang='lat' dir='ltr'>senatumne</span> <span class='ocrx_word' id='word_1_240' title='bbox 455 3057 704 3112; x_wconf 74' lang='lat' dir='ltr'>10veemtiora13</span> <span class='ocrx_word' id='word_1_241' title='bbox 764 3064 795 3111; x_wconf 91' lang='lat'>11</span> <span class='ocrx_word' id='word_1_242' title='bbox 817 3073 853 3111; x_wconf 91' lang='lat' dir='ltr'>au</span> <span class='ocrx_word' id='word_1_243' title='bbox 871 3060 1062 3126; x_wconf 73' lang='lat' dir='ltr'>B,tsupr.o</span> 
     </span>
     <span class='ocr_line' id='line_1_33' title="bbox 103 3129 1113 3198; baseline -0.002 -16"><span class='ocrx_word' id='word_1_244' title='bbox 103 3133 138 3182; x_wconf 98' lang='grc'>12</span> <span class='ocrx_word' id='word_1_245' title='bbox 159 3129 316 3182; x_wconf 86' lang='lat' dir='ltr'>contemtus</span> <span class='ocrx_word' id='word_1_246' title='bbox 330 3138 364 3193; x_wconf 86' lang='grc' dir='ltr'>Β,</span> <span class='ocrx_word' id='word_1_247' title='bbox 383 3139 523 3198; x_wconf 68' lang='lat' dir='ltr'>peropus</span> <span class='ocrx_word' id='word_1_248' title='bbox 572 3134 604 3181; x_wconf 85' lang='lat'>13</span> <span class='ocrx_word' id='word_1_249' title='bbox 623 3129 750 3198; x_wconf 87' lang='lat' dir='ltr'>plerique</span> <span class='ocrx_word' id='word_1_250' title='bbox 764 3139 799 3197; x_wconf 83' lang='grc' dir='ltr'>Β,</span> <span class='ocrx_word' id='word_1_251' title='bbox 818 3139 954 3198; x_wconf 63' lang='lat' dir='ltr'>scupus</span> <span class='ocrx_word' id='word_1_252' title='bbox 998 3134 1032 3181; x_wconf 85' lang='grc'>14</span> <span class='ocrx_word' id='word_1_253' title='bbox 1050 3144 1113 3181; x_wconf 89' lang='lat' dir='ltr'>nos:</span> 
     </span>
     <span class='ocr_line' id='line_1_34' title="bbox 101 3201 1043 3269; baseline -0.002 -17"><span class='ocrx_word' id='word_1_254' title='bbox 101 3216 160 3253; x_wconf 91' lang='lat' dir='ltr'>non</span> <span class='ocrx_word' id='word_1_255' title='bbox 180 3207 213 3252; x_wconf 81' lang='grc' dir='ltr'><em>Β</em></span> <span class='ocrx_word' id='word_1_256' title='bbox 296 3205 328 3253; x_wconf 78' lang='lat'>15</span> <span class='ocrx_word' id='word_1_257' title='bbox 348 3201 635 3254; x_wconf 67' lang='lat' dir='ltr'>emorzriuraw</span> <span class='ocrx_word' id='word_1_258' title='bbox 724 3201 824 3254; x_wconf 83' lang='lat' dir='ltr'>asidua</span> <span class='ocrx_word' id='word_1_259' title='bbox 842 3210 880 3267; x_wconf 87' lang='grc' dir='ltr'>Β,</span> <span class='ocrx_word' id='word_1_260' title='bbox 905 3209 1043 3269; x_wconf 63' lang='lat' dir='ltr'>scupus</span> 
     </span>
     <span class='ocr_line' id='line_1_35' title="bbox 104 3268 1113 3338; baseline -0.002 -14"><span class='ocrx_word' id='word_1_261' title='bbox 104 3275 138 3324; x_wconf 89' lang='lat'>18</span> <span class='ocrx_word' id='word_1_262' title='bbox 158 3269 269 3324; x_wconf 85' lang='lat' dir='ltr'>aberat:</span> <span class='ocrx_word' id='word_1_263' title='bbox 287 3271 439 3326; x_wconf 84' lang='lat' dir='ltr'>haberetur</span> <span class='ocrx_word' id='word_1_264' title='bbox 452 3280 516 3338; x_wconf 81' lang='grc' dir='ltr'>ΒΒ,</span> <span class='ocrx_word' id='word_1_265' title='bbox 535 3287 649 3326; x_wconf 69' lang='lat' dir='ltr'>corum</span> <span class='ocrx_word' id='word_1_266' title='bbox 710 3277 743 3325; x_wconf 84' lang='lat'>19</span> <span class='ocrx_word' id='word_1_267' title='bbox 761 3272 889 3325; x_wconf 83' lang='lat' dir='ltr'>luxuriae</span> <span class='ocrx_word' id='word_1_268' title='bbox 908 3280 960 3323; x_wconf 78' lang='lat' dir='ltr'>BV</span> <span class='ocrx_word' id='word_1_269' title='bbox 1019 3273 1052 3323; x_wconf 88' lang='grc'>20</span> <span class='ocrx_word' id='word_1_270' title='bbox 1072 3268 1113 3323; x_wconf 88' lang='lat' dir='ltr'>di:</span> 
     </span>
     <span class='ocr_line' id='line_1_36' title="bbox 103 3339 1117 3412; baseline 0 -19"><span class='ocrx_word' id='word_1_271' title='bbox 103 3341 139 3394; x_wconf 89' lang='lat' dir='ltr'>de</span> <span class='ocrx_word' id='word_1_272' title='bbox 153 3351 182 3395; x_wconf 95' lang='grc' dir='ltr'><em>Β</em></span> <span class='ocrx_word' id='word_1_273' title='bbox 218 3341 355 3412; x_wconf 66' lang='lat' dir='ltr'>dirigimt:</span> <span class='ocrx_word' id='word_1_274' title='bbox 375 3341 498 3412; x_wconf 86' lang='lat' dir='ltr'>diligunt</span> <span class='ocrx_word' id='word_1_275' title='bbox 512 3351 554 3410; x_wconf 76' lang='lat' dir='ltr'>M,</span> <span class='ocrx_word' id='word_1_276' title='bbox 568 3341 612 3396; x_wconf 85' lang='lat' dir='ltr'>vel</span> <span class='ocrx_word' id='word_1_277' title='bbox 626 3342 753 3412; x_wconf 86' lang='lat' dir='ltr'>dirigunt</span> <span class='ocrx_word' id='word_1_278' title='bbox 765 3365 797 3396; x_wconf 83' lang='lat' dir='ltr'>m</span> <span class='ocrx_word' id='word_1_279' title='bbox 840 3348 872 3396; x_wconf 91' lang='grc'>21</span> <span class='ocrx_word' id='word_1_280' title='bbox 892 3341 1003 3396; x_wconf 86' lang='lat' dir='ltr'>laudes:</span> <span class='ocrx_word' id='word_1_281' title='bbox 1017 3339 1079 3394; x_wconf 87' lang='lat' dir='ltr'>laus</span> <span class='ocrx_word' id='word_1_282' title='bbox 1090 3350 1117 3393; x_wconf 85' lang='lat' dir='ltr'><strong><em>P</em></strong></span> 
     </span>
    </p>
   </div>
   <div class='ocr_carea' id='block_1_4' title="bbox 103 3413 1150 3600">
    <p class='ocr_par' dir='ltr' id='par_1_4' title="bbox 103 3413 1150 3600">
     <span class='ocr_line' id='line_1_37' title="bbox 103 3413 1054 3521; baseline 0.003 -20"><span class='ocrx_word' id='word_1_283' title='bbox 103 3453 138 3501; x_wconf 88' lang='grc'>23</span> <span class='ocrx_word' id='word_1_284' title='bbox 158 3413 287 3514; x_wconf 72' lang='lat' dir='ltr'>absolvbs</span> <span class='ocrx_word' id='word_1_285' title='bbox 311 3458 351 3517; x_wconf 74' lang='lat'>11;</span> <span class='ocrx_word' id='word_1_286' title='bbox 376 3448 498 3503; x_wconf 81' lang='lat' dir='ltr'>absolvis</span> <span class='ocrx_word' id='word_1_287' title='bbox 524 3449 558 3520; x_wconf 89' lang='lat' dir='ltr'>(is</span> <span class='ocrx_word' id='word_1_288' title='bbox 584 3451 615 3502; x_wconf 79' lang='lat' dir='ltr'>tu</span> <span class='ocrx_word' id='word_1_289' title='bbox 639 3453 705 3521; x_wconf 82' lang='lat' dir='ltr'>roe.)</span> <span class='ocrx_word' id='word_1_290' title='bbox 731 3460 770 3520; x_wconf 86' lang='lat' dir='ltr'>P·,</span> <span class='ocrx_word' id='word_1_291' title='bbox 796 3449 922 3506; x_wconf 62' lang='lat' dir='ltr'>absolvis</span> <span class='ocrx_word' id='word_1_292' title='bbox 949 3449 1054 3519; x_wconf 71' lang='lat' dir='ltr'>rettqat</span> 
     </span>
     <span class='ocr_line' id='line_1_38' title="bbox 104 3519 1150 3600; baseline 0.006 -29"><span class='ocrx_word' id='word_1_293' title='bbox 104 3524 138 3572; x_wconf 76' lang='grc'>21</span> <span class='ocrx_word' id='word_1_294' title='bbox 157 3519 396 3588; x_wconf 82' lang='lat' dir='ltr'>pemioicsisimus</span> <span class='ocrx_word' id='word_1_295' title='bbox 412 3529 443 3573; x_wconf 89' lang='grc' dir='ltr'><em>Β</em></span> <span class='ocrx_word' id='word_1_296' title='bbox 502 3525 536 3575; x_wconf 88' lang='grc'>28</span> <span class='ocrx_word' id='word_1_297' title='bbox 551 3519 700 3596; x_wconf 68' lang='lat' dir='ltr'>{Quisque</span> <span class='ocrx_word' id='word_1_298' title='bbox 720 3534 748 3581; x_wconf 91' lang='grc' dir='ltr'><em>Β</em></span> <span class='ocrx_word' id='word_1_299' title='bbox 812 3531 878 3600; x_wconf 84' lang='lat' dir='ltr'>post</span> <span class='ocrx_word' id='word_1_300' title='bbox 895 3525 1002 3583; x_wconf 79' lang='lat' dir='ltr'>auctor</span> <span class='ocrx_word' id='word_1_301' title='bbox 1023 3523 1097 3577; x_wconf 68' lang='lat' dir='ltr'>cub</span> <span class='ocrx_word' id='word_1_302' title='bbox 1116 3523 1150 3568; x_wconf 74' lang='lat' dir='ltr'>u</span> 
     </span>
    </p>
   </div>
   <div class='ocr_carea' id='block_1_5' title="bbox 0 0 1210 3840">
    <p class='ocr_par' dir='ltr' id='par_1_5' title="bbox 0 0 1210 3840">
     <span class='ocr_line' id='line_1_39' title="bbox 0 0 1210 3840; baseline 0 0"><span class='ocrx_word' id='word_1_303' title='bbox 0 0 1210 3840; x_wconf 95' lang='lat' dir='ltr'> </span> 
     </span>
    </p>
   </div>
  </div>
 </body>
</html>
