2408 3840
348 153 584 208 DECLAMATIO
603 154 666 208 XIX
681 159 776 208 8-10.
1006 154 1072 220 345

54 325 214 382 exarserat.
247 323 373 382 timebat
396 341 541 400 occursus,
563 342 623 382 non
647 323 775 382 audebat
799 323 880 383 adire
904 325 1072 400 conloquia,

55 411 168 486 oscula,
183 413 394 488 convictusque
409 413 554 490 fugiebat.
586 412 717 471 breviter
730 413 949 489 perditissimae
963 415 1072 473 mentis

56 499 224 560 definienda
243 519 380 561 mensura
399 503 451 561 est.
485 501 587 561 oderat
602 522 650 559 me
669 501 748 562 filius
762 504 793 561 et
810 503 944 562 timebat.
975 502 1072 561 filium

55 591 152 667 igitur
172 590 266 650 totius
285 591 416 650 civitatis
435 591 654 650 existimatione
673 590 847 650 damnatum
866 611 953 668 quem
976 592 1072 650 adhue

28 680 160 740 svivere
176 679 365 738 mirabantur
386 680 529 754 homines,
552 682 673 740 torsisse
690 700 738 739 me
757 679 892 757 putatis?
929 699 982 757 ego
1002 699 1072 739 vero

56 768 162 843 occidi,
184 769 278 843 tarde,
301 768 361 827 diu.
408 771 611 845 quaestionem
633 769 710 828 illud
732 767 840 830 vocas?
875 788 980 846 poena,
1003 789 1071 845 sup-

55 857 183 934 plicium
207 858 406 917 etmalorum
428 877 562 918 meorum
589 859 684 918 exitus
707 859 773 918 fuit.
819 859 903 917 nulla
925 860 1004 917 ratio
1027 860 1072 918 est

55 946 263 1024 interrogandi
284 947 434 1006 hominem
453 947 500 1006 cui
518 966 578 1006 non
597 952 642 1008 est
659 948 705 1006 fas
724 948 783 1005 nisi
800 966 917 1025 negare.
960 950 1073 1023 quanta
1087 949 1127 1005 lo

56 1039 161 1095 tamen
186 1035 261 1094 mihi
287 1036 347 1095 fuit
369 1038 399 1096 et
421 1037 454 1095 in
472 1038 649 1112 quaestione
676 1036 864 1096 moderatio?
907 1056 967 1095 non
995 1039 1073 1094 enim

16 1144 44 1186 11
57 1124 218 1200 praecipiti
235 1129 340 1201 raptus
357 1126 478 1201 inpulsu
497 1125 603 1184 exsilui
620 1127 751 1202 repente,
770 1126 878 1200 subito,
895 1144 949 1185 nec
968 1128 1073 1202 captus

58 1213 161 1272 dolore
190 1233 275 1273 caeco
298 1214 494 1291 inpatientiae
516 1233 599 1274 meae
622 1215 709 1274 velox
734 1216 842 1274 vulnus
864 1215 967 1273 indixi.
1013 1233 1073 1273 non

57 1306 160 1379 potest
181 1322 241 1362 non
263 1305 379 1362 ratione
403 1303 496 1362 occidi
519 1303 607 1379 filius,
631 1323 697 1363 cum
716 1307 784 1363 ante
803 1307 968 1380 torquetur.
1005 1303 1074 1362 dedi

57 1409 166 1467 moras,
190 1393 330 1468 spatium,
353 1396 470 1468 tempus
493 1392 612 1453 indulsi.
648 1393 731 1452 vides
755 1396 899 1468 quantam
919 1394 989 1452 hinc
1010 1411 1073 1451 ma·

58 1481 248 1559 lignitatibus
262 1484 411 1557 potuerim
428 1484 581 1557 praestare
599 1480 776 1541 materiam?
795 1483 870 1542 siin
888 1482 941 1541 illc
960 1485 1073 1541 secreto

20 1589 46 1630 re
59 1569 162 1648 gladio
189 1573 320 1645 tantum,
349 1573 374 1629 si
395 1571 567 1631 vulneribus
591 1572 729 1649 egissem,
758 1572 869 1630 exitum
896 1573 1007 1631 fecerat
1029 1573 1073 1629 iu-

59 1661 143 1718 venis
164 1658 347 1734 deprehensi.
383 1679 443 1719 non
466 1663 512 1720 est
533 1662 635 1738 igitur,
657 1662 765 1719 mulier
784 1661 863 1737 quod
884 1661 959 1720 mihi
981 1660 1074 1720 facias

59 1747 231 1824 duplicatae
254 1749 435 1824 quaestionis
457 1749 617 1824 invidiam,
640 1750 672 1808 id
695 1752 752 1824 est,
777 1750 856 1825 quod
878 1751 952 1809 torsi
976 1752 1007 1808 et
1027 1769 1075 1808 oc-

60 1837 128 1897 cidi.
166 1838 230 1896 sola
252 1841 297 1898 est
318 1838 407 1898 huius
430 1838 616 1898 necessitatis
638 1839 717 1898 ratio
741 1839 777 1898 de
795 1842 898 1898 morte.
935 1839 1012 1897 illud
1030 1841 1076 1897 est

58 1926 263 2002 parricidium,
285 1927 383 1986 filium
405 1930 543 2004 torquere
566 1928 722 1987 victumm.
759 1932 849 2004 putas
871 1931 1008 1986 iuvenem
1030 1928 1076 1987 vi-

19 2034 130 2075 rovere
157 2016 288 2091 potuisse
316 2016 364 2075 cui
390 2018 452 2076 iam
479 2035 539 2075 non
566 2020 686 2093 poterat
712 2018 771 2087 nisi
797 2020 892 2076 morte
925 2014 1077 2077 succurri?

23 2151 30 2169 ,
62 2123 154 2180 quem
176 2107 279 2163 contra
302 2105 449 2182 malignos
477 2124 625 2165 sermones
653 2107 788 2166 adserere
819 2125 986 2181 coeperam,
1004 2096 1075 2164 'non

60 2192 178 2251 reddidi
200 2212 303 2253 rursus
326 2194 468 2254 infamiae
495 2214 591 2270 neque
615 2198 646 2254 in
675 2196 774 2255 oculos
798 2198 828 2253 et
851 2213 904 2252 ora
931 2193 1016 2271 vulgi
1039 2195 1075 2253 de

62 2284 175 2342 secreto
193 2283 288 2358 patris
308 2283 400 2342 emisi.
441 2283 630 2360 providentia
654 2303 721 2342 mea
746 2283 802 2341 tibi
822 2302 948 2358 quoque,
970 2286 1077 2358 mater,

61 2390 99 2430 ne
122 2372 154 2429 in
176 2372 256 2431 hunc
279 2373 493 2449 interrogetur,
521 2373 626 2448 eripui.
667 2373 719 2431 ille
746 2391 816 2431 vero
839 2391 898 2430 non
925 2372 985 2430 fuit
1007 2375 1078 2448 post

21 2479 48 2520 rc
61 2463 212 2520 tormenta
235 2461 353 2520 laturus
376 2461 457 2521 vitae
479 2462 635 2537 pudorem,
661 2463 695 2520 ut
717 2461 954 2538 interrogaretur
977 2481 995 2520 a
1017 2462 1077 2520 sin-

61 2549 149 2626 gulis
179 2553 216 2609 ut
237 2554 369 2627 negaret.
410 2571 528 2626 verum,
551 2552 672 2628 mulier,
697 2551 863 2609 adfectibus
886 2550 947 2609 tuis
969 2571 1077 2609 renun-

61 2638 199 2698 tiandum
223 2644 280 2714 est,
308 2640 346 2698 ad
368 2640 462 2699 totius
486 2639 590 2699 domus
618 2643 737 2699 nostrae
765 2642 913 2716 pertinere
938 2641 1077 2700 innocen-

61 2729 137 2786 tiam
161 2727 281 2804 oredidi,
304 2749 341 2786 ne
365 2747 396 2788 se
418 2729 482 2804 ipse
505 2730 606 2804 potius
630 2730 783 2789 occideret.

130 2815 237 2892 Sentit,
260 2817 382 2892 iudices,
404 2819 513 2877 mulier
532 2818 570 2877 ad
592 2818 638 2877 ius
658 2819 796 2894 querelae
816 2836 896 2892 suae,
919 2837 973 2876 neo
997 2817 1078 2894 quod

20 2927 48 2967 so
61 2905 209 2981 torserim,
228 2925 281 2965 nec
301 2907 380 2982 quod
399 2907 565 2981 occiderim,
587 2909 744 2982 pertinere.
789 2908 834 2966 ita
855 2907 981 2983 quaerit,
1005 2907 1077 2982 quid

134 3110 210 3165 lire
232 3121 253 3164 V
328 3117 483 3166 tuensura
506 3120 528 3162 V
601 3112 690 3165 filium
712 3122 734 3164 V
806 3111 956 3166 5torsisse
974 3129 1008 3165 ec
1026 3112 1078 3166 ssi

59 3183 274 3250 113torsissime
296 3193 318 3236 V
405 3179 548 3261 tratiosse
566 3193 594 3236 B
683 3189 716 3237 10
735 3183 850 3253 impulsi
870 3183 985 3238 exilium
1004 3193 1031 3236 Ρ

62 3260 95 3308 11
115 3253 221 3308 vultius
244 3264 265 3307 V
364 3254 463 3308 induxi
482 3266 510 3322 ες
528 3254 618 3308 inflixi
639 3255 687 3309 Gr.
795 3261 828 3308 13
848 3257 986 3325 quantum
1003 3264 1031 3307 B

61 3332 96 3379 14
115 3325 283 3380 matheriam
301 3335 323 3378 V
373 3333 406 3379 15
422 3326 499 3379 exitu
517 3336 538 3379 V
590 3331 621 3379 19
637 3327 791 3394 torqueris
846 3333 877 3379 21
893 3325 1035 3394 malignos
1048 3337 1081 3376 s:

60 3412 179 3466 magnos
199 3419 221 3449 ω
282 3402 316 3450 22
334 3397 364 3450 in
384 3397 479 3452 oculos
499 3415 549 3454 om.
571 3407 610 3468 M,
629 3415 707 3469 supr.
725 3421 759 3454 111
825 3403 865 3452 ‘tt
880 3394 1106 3466 praetentam

55 3483 147 3520 meam
166 3488 203 3532 1⁰5
220 3481 328 3522 eorus
423 3476 457 3526 26
481 3473 687 3530 renovandum
707 3483 735 3528 Β
835 3475 877 3525 ‘tt
892 3469 964 3537 'ipse
984 3477 1022 3514 se
1040 3467 1073 3508 U

46 3540 343 3594 scaone-ner!
415 3549 451 3600 sc
473 3549 526 3604 ace
545 3549 654 3619 11111
674 3559 709 3621 a,
728 3547 793 3603 ’1111
816 3541 1030 3613 musque*
