2408 3840
368 108 601 166 Decimam
619 109 646 165 v
661 117 773 168 re-1e.
1009 112 1072 178 105

60 279 203 340 dolorem.
244 278 375 340 'hominis
399 279 450 356 qui
473 280 553 355 apud
574 280 689 356 piratas
711 278 843 358 languet,
864 301 957 340 unum
980 301 1073 341 reme-

64 369 144 428 dium
164 372 268 446 putes,
290 371 327 427 ut
348 369 518 429 redimatur.
565 368 616 429 sed
638 388 698 428 non
721 372 778 445 est,
802 389 925 446 quaeso,
947 372 1073 445 iuvenis,

66 456 141 534 quod
157 457 216 517 hoe
234 457 432 534 patrocinium
446 457 483 517 de
500 461 562 517 tam
578 459 752 519 calamitosa
768 459 881 534 pietate
900 460 1072 536 concipiam,

64 550 99 606 ut
115 547 226 607 dicam:
249 547 397 606 vietunun
413 548 527 623 putavi.
565 565 710 626 exaggero
729 548 802 623 quin
820 548 911 607 immo
929 549 1074 608 invidiam

39 635 195 696 acriminis
221 637 288 695 mei.
333 636 457 712 redemi,
488 636 593 712 fateor,
625 637 713 695 illum
742 636 793 712 qui
820 637 992 713 dilationer,
1021 639 1074 714 qui
1087 636 1124 692 18

62 742 163 784 moras
190 725 267 789 ferre
293 743 353 784 non
379 727 511 801 poterat,
542 726 574 783 in
602 743 660 800 quo
692 726 766 784 mihi
796 727 897 801 pirata
927 726 1075 786 vendebat

60 813 166 874 brevia
190 814 298 890 oscula,
320 831 431 889 paucos
454 814 523 873 dies.
570 816 596 873 si
617 815 798 874 mehercules
820 817 945 890 uterque
969 816 1075 875 fuisset

60 921 162 981 aeger,
189 903 275 961 illum
297 902 486 962 redemisaem
508 905 560 978 qui
582 904 665 980 prior
687 904 828 980 languere
850 906 1003 979 coepisset.
1049 905 1075 964 si

60 991 137 1052 duos
164 992 279 1067 pariter
304 992 462 1069 naufragia
488 993 641 1068 raperent,
672 993 718 1051 illi
745 995 927 1070 porrigerem
953 1012 1075 1053 manum

22 1100 48 1141 rc
61 1099 151 1156 quem
178 1081 240 1138 iam
266 1081 464 1140 membrorum
491 1082 679 1141 contentione
706 1082 851 1141 lassatum
873 1082 979 1141 fluetus
1002 1082 1074 1140 hau-

61 1171 143 1228 riret
190 1171 217 1228 si
238 1169 410 1230 vulneribus
438 1171 586 1230 confectos
608 1169 771 1230 remisisset
797 1173 888 1246 acies,
913 1189 1075 1247 properan-

62 1259 124 1318 tius
142 1259 171 1317 ei
190 1258 357 1318 clauderem
374 1260 488 1337 plagae,
509 1278 564 1336 per
583 1277 656 1335 ques
675 1260 805 1317 animam
823 1260 937 1338 largior
954 1262 1074 1337 sanguis

61 1349 205 1426 egereret
240 1347 393 1426 ignoscite,
411 1347 454 1406 dii
472 1349 585 1424 pariter
603 1351 693 1424 atque
711 1348 853 1424 homines,
875 1367 936 1408 non
953 1367 1075 1425 possum

62 1436 99 1494 de
123 1436 235 1512 liberis,
256 1455 377 1512 possum
400 1438 510 1515 eligere
531 1437 568 1497 de
589 1437 713 1497 miseris.
753 1439 866 1515 gratias
890 1439 961 1514 quin
984 1439 1074 1498 immo

24 1544 49 1586 re
63 1526 217 1600 fortunae,
245 1528 358 1602 gratias
381 1544 439 1604 ago
461 1527 541 1602 quod
564 1527 659 1585 adhuc
682 1546 769 1604 aeger
792 1528 896 1601 sentit,
918 1527 1073 1605 intellegit.

61 1615 198 1690 alioquin
226 1614 352 1674 cadaver
374 1632 544 1690 acceperam
567 1616 598 1674 ot
623 1617 723 1692 pretia
745 1615 869 1675 duorum
895 1635 949 1692 pro
972 1617 1075 1676 funere

61 1706 184 1762 tautum
206 1704 409 1779 supremisque
431 1705 640 1780 persolveram.
676 1705 771 1765 nescis
793 1708 937 1780 quantum
959 1706 1075 1781 pudori,

62 1794 211 1868 quantum
225 1792 345 1852 adficiat
359 1793 525 1853 adfectibus
538 1793 612 1852 meis
629 1793 708 1853 inter
725 1795 789 1852 tam
802 1796 931 1870 impares
946 1796 1075 1870 aequata

62 1881 207 1942 condicio.
244 1900 332 1959 aeger
355 1883 407 1957 qui
427 1882 605 1943 tantundem
628 1881 675 1941 est
696 1882 811 1958 piratis,
833 1885 901 1959 plus
920 1886 965 1942 est
987 1886 1074 1958 patri.

24 1988 49 2029 re
62 1970 138 2030 uelis
161 1973 263 2028 tamen
285 1971 371 2046 nolin,
394 1972 497 2030 infelix
520 1973 662 2047 senectus,
685 1972 840 2030 latendum
858 1975 904 2031 est
922 1972 1001 2047 quod
1015 1992 1074 2032 me-

63 2059 134 2134 rito,
143 2058 224 2135 quod
233 2077 348 2118 summa
360 2061 473 2135 pietate
486 2061 600 2120 factum
614 2064 767 2136 estonam
777 2060 897 2120 difficile
911 2061 1074 2120 fecerimus.

131 2146 215 2216 Quae
232 2149 305 2208 tune
322 2149 397 2206 mihi
411 2151 614 2227 cogitationes,
633 2150 685 2225 qui
702 2152 845 2225 temporis
862 2150 944 2207 illiue
959 2151 1074 2208 animus

62 2237 131 2310 fuit,
154 2255 221 2296 eum
242 2233 322 2295 inter
344 2237 417 2297 duos
439 2238 547 2299 liberos
566 2238 679 2296 ineerta
696 2239 786 2297 miser
804 2239 947 2297 electione
965 2238 1075 2297 discur-

62 2323 181 2385 rerem?
224 2327 302 2385 hunc
329 2326 441 2385 diutius
470 2327 633 2401 osculabar,
659 2327 745 2385 illum
762 2327 916 2403 putabam
941 2327 1075 2402 despera·

29 2415 146 2474 atione
181 2417 366 2474 moriturum.
414 2416 553 2477 lacrimas
590 2415 629 2476 ad
663 2417 854 2493 languentem
890 2415 1075 2493 gemitusque

64 2504 286 2579 transtuleram,
309 2508 340 2563 et
357 2507 392 2563 tu
409 2505 484 2563 mihi
502 2504 650 2565 videbaris
667 2505 788 2564 futurus
806 2523 901 2583 aeger.
940 2505 1075 2580 quotiens

66 2595 187 2651 catenas
209 2595 277 2652 tuas
301 2594 451 2653 soluturus
474 2592 594 2652 invasi?
614 2593 665 2652 sed
687 2594 762 2652 mihi
784 2592 1010 2653 commendebat
1031 2612 1075 2652 re·

65 2681 180 2756 lictum,
201 2682 280 2757 quod
297 2684 328 2740 te
345 2683 560 2759 praetulissem.
599 2701 688 2758 quam
706 2684 877 2758 frequenter
894 2683 956 2741 iam
974 2684 1076 2741 laxata

64 2771 175 2830 misero
197 2772 318 2829 vincula
344 2789 445 2830 rursus
472 2771 615 2847 imposui,
642 2771 713 2829 dum
734 2771 809 2829 mihi
831 2773 885 2830 tna
908 2773 1007 2847 potius
1030 2790 1075 2831 sa-

30 2877 52 2917 ec
65 2861 145 2918 nitas
173 2857 293 2935 placet?
337 2860 525 2919 dissimulare
551 2879 611 2919 non
637 2879 758 2937 possum
785 2860 965 2922 condicionis
994 2861 1076 2919 illius

64 2951 193 3009 secretas
207 2947 407 3009 difficultates.
444 2949 551 3008 redimi
564 2948 690 3013 debebat
703 2967 800 3026 aeger,
818 2968 873 3026 ego
887 2952 917 3008 te
931 2950 1075 3010 volebam.

134 3151 251 3206 sillum
269 3169 356 3225 supro
373 3171 428 3208 ras.
443 3153 506 3207 odd.
521 3174 553 3206 n
625 3154 895 3224 9duoP,supr.1r
959 3159 991 3207 11
1012 3171 1076 3208 eon-

62 3223 151 3279 fectos
171 3240 204 3278 ec
223 3240 267 3276 -ns
284 3233 313 3277 B
384 3230 415 3278 12
440 3240 490 3294 per
508 3240 591 3292 quem
611 3238 625 3288 e
696 3225 812 3294 largior:
836 3224 899 3295 larg
921 3224 954 3279 ire
970 3243 1024 3280 ros.
1044 3231 1077 3280 ut

63 3349 171 3402 ridear
188 3357 226 3414 153
246 3313 356 3418 lassgior
374 3358 407 3402 Ι
468 3354 500 3402 14
518 3366 575 3403 non
593 3354 656 3404 aare
674 3366 788 3418 possum
807 3348 920 3416 odd1’,
939 3349 1023 3411 dete

64 3424 97 3473 18
120 3419 439 3474 interamnanam
457 3429 488 3486 ἡ
510 3420 659 3476 interium
683 3423 752 3490 (tam
770 3422 856 3490 supr.)
871 3430 904 3473 Μ
973 3427 1005 3475 2Ἰ
1031 3438 1077 3475 ca·

62 3491 198 3555 thanaac
270 3496 303 3545 28
322 3507 419 3561 quam:
440 3491 548 3560 quode
