2408 3840
400 119 633 175 uuonlulrro
652 120 666 174 1
685 117 789 175 10-12
944 102 948 113 '
1060 121 1100 186 13

87 291 150 364 bat,
173 291 304 349 auferret
326 289 477 347 indicium.
514 290 565 349 sed
584 289 657 365 quid
675 308 730 368 ege
748 309 811 349 rem
829 291 1102 350 manifestissimam

91 377 220 458 colligo?
256 381 282 438 si
299 376 400 452 vultis,
418 378 539 453 iudices,
558 379 642 454 scire,
661 397 679 437 a
698 399 756 455 quo
776 383 816 438 sit
832 381 954 439 relictus
973 380 1101 458 gladius

91 469 219 546 cogitate
242 468 291 526 cui
313 467 484 543 expedierit,
506 469 542 525 ut
563 468 752 527 inveniretur.

156 556 216 616 Sed
233 557 331 632 paries
350 575 442 632 usque
461 556 500 615 ad
518 556 685 615 cubiculum
702 559 834 635 privigni
850 558 977 636 vestigio
995 577 1100 617 manus

60 648 263 706 seruentatus
286 649 339 705 est.
377 646 516 723 cogitate,
538 647 659 720 iudices,
683 649 752 706 ante
775 649 875 705 omnia
897 666 957 706 non
976 665 1038 707 esse
1056 650 1101 705 in-

88 735 233 795 callidum
259 735 408 794 hominem
433 754 528 810 neque
557 734 673 794 consilii
699 736 825 795 iacentis
848 735 900 811 qui
926 754 1029 795 caecus
1053 756 1100 794 ex·

86 827 203 901 plicare
232 826 354 883 conetur
382 825 497 883 facinus
526 825 617 882 etiam
644 824 738 884 oeulis
772 824 901 883 difficile.
947 825 999 883 ille
1031 844 1101 902 ergo

87 933 150 972 non
169 915 316 989 aestimat,
339 932 405 971 cum
423 931 544 971 manum
565 915 716 971 cruentam
734 913 844 990 parieti
862 912 995 989 adplicat
1012 915 1101 972 vesti·

88 1004 174 1081 gium
197 1021 215 1060 a
233 1020 264 1061 se
281 1001 434 1077 parricidii
457 1002 503 1060 sui
522 999 673 1078 relinqui?
697 1021 763 1061 oum
781 1003 932 1062 dexteram
952 1020 1011 1078 qua
1029 1002 1101 1061 duce

45 1114 75 1154 ιο
89 1091 240 1166 utebatur,
262 1093 343 1150 veste
366 1092 466 1168 tegere
485 1093 575 1166 etque
596 1091 642 1149 ita
660 1090 742 1150 abire
761 1094 824 1151 sine
842 1091 969 1169 vestigio
992 1094 1102 1167 posset,

88 1183 188 1240 totum
211 1180 355 1255 parietem
374 1178 548 1238 cruentabat
571 1184 601 1239 et
623 1179 732 1255 ubique
752 1179 866 1256 aliquid
884 1180 920 1239 de
943 1184 1028 1256 patre
1046 1182 1102 1238 rni-

89 1289 156 1329 sero
179 1266 392 1344 relinquebat?
436 1268 508 1344 quid
530 1269 665 1327 futurum
687 1273 764 1328 esset
786 1272 905 1346 postero
929 1269 985 1344 die,
1009 1289 1101 1346 quan·

89 1362 154 1417 tam
177 1360 361 1434 exspectaret
386 1358 544 1418 invidiam:
574 1358 671 1417 lucem
692 1377 752 1417 non
775 1357 939 1437 cogitabat,
968 1358 1020 1418 sed
1043 1359 1100 1418 dis·

88 1447 222 1524 ponebat
248 1445 391 1505 indicium
418 1449 545 1521 certum,
573 1447 788 1522 indubitatum,
816 1448 879 1506 sine
903 1466 999 1506 errore
1023 1447 1102 1524 quod

47 1557 75 1599 ιι
89 1554 218 1596 noverca
245 1538 417 1612 sequeretur
443 1536 597 1612 usquead
625 1535 792 1595 cubiculum
814 1555 913 1610 suum,
941 1555 1033 1612 usque
1064 1536 1103 1596 ad

90 1627 182 1684 limen
210 1627 318 1701 ipsum.
365 1643 382 1683 o
406 1624 610 1684 admirabilem
633 1626 747 1685 casum!
774 1643 828 1684 nec
852 1644 938 1684 eruor
961 1628 1029 1683 aute
1053 1625 1102 1685 de-

90 1712 184 1774 fecit?
229 1717 297 1772 utar
323 1714 379 1773 hoe
405 1714 470 1774 loeo
498 1718 606 1773 natira
633 1715 726 1790 ipsius
754 1715 806 1772 rei.
856 1715 1007 1790 palmatus
1035 1733 1101 1773 san-

90 1804 181 1882 guine
213 1803 312 1878 paries
344 1804 482 1863 inventus
510 1805 551 1863 sic
579 1805 636 1862 est:
668 1805 765 1862 totam
796 1822 917 1862 manum
951 1804 1101 1879 explicuit,

91 1910 193 1952 omnes
216 1892 326 1969 digitos
349 1891 508 1969 diligenter
531 1893 681 1968 expressit.
718 1896 816 1951 totum
839 1910 909 1969 ergo
928 1892 1102 1970 sanguinem

46 2004 76 2045 ro
90 1984 244 2041 consumet
265 1981 345 2038 intra
367 1981 465 2057 prima
482 1980 618 2059 vestigia,
654 2000 731 2057 pone
754 1983 832 2040 enim
855 2000 977 2039 manum
1000 2001 1101 2040 cruen-

90 2074 188 2130 tatam
207 2070 296 2145 atque
315 2068 396 2144 adeo,
410 2072 446 2128 ut
463 2069 529 2129 istis
548 2071 639 2130 etiam
656 2070 802 2145 blandiar,
820 2070 1002 2148 madentem3
1024 2089 1102 2146 pone

90 2177 261 2218 mensuram
287 2157 415 2232 itineris
444 2161 575 2234 spatium
601 2158 739 2235 parietis,
762 2192 804 2202 —
828 2159 880 2217 diu
903 2159 1036 2218 enimin
1059 2176 1102 2218 se·

91 2251 205 2308 cretam
227 2246 331 2307 domus
357 2249 474 2323 partem
496 2248 702 2308 revertendum
725 2251 769 2306 est
793 2281 835 2288 -
859 2248 946 2306 debet
967 2248 1102 2323 proxima

89 2355 162 2413 pars
182 2355 200 2394 a
219 2335 353 2395 cubiculo
371 2337 467 2412 patris
486 2336 595 2396 habere
613 2338 774 2413 plurimum
793 2336 955 2414 sanguinis,
979 2354 1102 2412 sequens

48 2447 78 2490 as
91 2427 257 2499 minimum,
280 2424 387 2484 ultima
409 2424 493 2483 nihil.
529 2446 600 2485 nam
618 2444 713 2501 cruor,
736 2426 873 2502 quotiens
893 2424 1029 2483 admotus
1048 2427 1102 2499 est,
1116 2425 1155 2481 12

91 2515 203 2574 transit
235 2515 287 2572 aut
313 2515 345 2572 in
371 2533 463 2572 manu
489 2515 575 2574 tarde
606 2515 751 2591 reptantis
783 2514 898 2573 arescit.
943 2514 999 2573 hoc
1032 2513 1104 2589 quid

92 2621 156 2663 esse
183 2602 315 2662 dieamus
343 2603 422 2678 quod
453 2605 531 2662 eirca
559 2604 727 2663 cubiculum
758 2606 918 2679 utrumque
950 2603 1103 2680 sanguinis

91 2694 180 2752 istius
202 2691 363 2770 vestigium
386 2692 472 2767 quasi
498 2691 626 2769 incipit?
668 2694 738 2752 hine
761 2695 806 2752 est
827 2693 925 2769 peries
952 2692 1103 2768 palmatus

92 2784 124 2842 et
141 2778 248 2840 illinc?
279 2781 425 2856 quomodo
447 2782 573 2857 pertulit
589 2801 695 2841 manus
714 2781 794 2858 quod
811 2778 1021 2858 relinquebat?
1051 2800 1103 2853 no·

164 3003 298 3057 letiam:
318 2968 392 3058 etbm
410 3014 449 3073 33
468 3006 498 3059 et
514 3009 572 3058 siam
591 3013 624 3057 Μ
682 3007 926 3069 Sementatame
985 3003 1103 3058 erelin-

90 3110 154 3181 qui:
173 3125 204 3164 re
222 3093 324 3179 reliqui
341 3120 376 3178 Β,
395 3128 414 3163 n
431 3111 529 3164 uelde
584 3115 616 3165 10
636 3111 713 3164 abire
728 3121 764 3166 P:
782 3111 887 3165 habere
900 3121 1016 3177 vaop3
1034 3110 1103 3164 hab·

90 3185 134 3237 irc
152 3190 204 3236 MS
276 3187 307 3235 11
326 3179 440 3236 misero:
458 3181 560 3236 misero
579 3184 608 3235 et
621 3191 650 3234 B
720 3187 753 3235 12
772 3199 832 3236 esse
851 3192 872 3234 V
931 3183 1104 3250 quamtame

92 3260 126 3308 13
147 3252 185 3309 ad
202 3251 293 3307 lucem
312 3254 367 3307 Bu.
442 3258 474 3307 16
495 3269 603 3307 casum:
628 3269 741 3307 eausam
760 3255 792 3307 e'a
811 3270 926 3307 causum
946 3269 1014 3308 corr.
1034 3262 1055 3304 V

92 3330 126 3380 1'1
145 3324 236 3393 ipsius
254 3324 295 3378 rei
312 3325 448 3389 naturae
519 3329 553 3378 20
572 3326 728 3378 consumet:
748 3327 912 3379 consument
930 3325 986 3395 (scd
1004 3341 1023 3376 n
1042 3323 1103 3392 dcl.)

91 3441 131 3498 133
150 3415 331 3486 concumbis
349 3423 374 3501 (‘
394 3431 458 3486 odd.
473 3433 499 3502 a)
572 3437 606 3485 22
624 3447 756 3485 mensura
769 3440 821 3484 BV
889 3435 922 3485 ‘ct
941 3431 1113 3499 utrumque:

91 3503 235 3572 utrimque
253 3503 312 3559 Βοὴ.
386 3508 420 3557 28
439 3504 494 3557 eet:
513 3517 573 3558 esse
590 3512 620 3558 Β
