2406 3832
104 148 172 212 420
422 143 614 200 axonam
632 144 811 200 PARISINA.

106 315 208 375 liberis
247 317 277 373 et
313 316 472 390 praecipue
511 317 545 374 in
580 317 727 390 parentes.
777 315 814 372 F.
840 313 1063 384 admirabilior
1095 319 1132 372 est

105 405 231 476 caritas,
261 407 293 462 in
317 422 408 478 quam
431 404 560 480 propriis
584 406 697 463 enimus
725 403 850 462 viribus.
894 405 1018 478 quanto
1043 406 1134 462 minus

105 496 138 552 in
156 511 255 566 eausa,
273 496 360 552 tanto
379 495 475 570 magis
493 495 526 551 in
545 493 654 553 affeetu
673 496 725 552 est.
762 494 864 551 minus
888 494 921 550 ei
941 493 1072 551 debetur
1090 495 1135 569 qui

105 586 197 656 amat,
222 585 293 657 quia
311 600 428 641 neeesse
447 585 500 641 est.
542 584 587 641 M.
607 584 742 642 amicitia
759 584 861 640 vestra
885 583 967 640 satis
991 582 1134 642 haetenus

105 672 233 748 probata
252 673 305 730 est.
346 673 382 729 F.
403 673 502 730 eetera
520 670 658 730 laudavit
675 673 868 747 prosperitas,
892 690 980 731 nune
997 691 1055 730 nos
1074 674 1155 747 ipsas

106 762 241 820 amicitia
259 762 398 835 temptat.
434 762 461 818 si
478 762 559 819 vitae
581 763 682 820 omnia
699 760 828 819 ineunda
846 762 1000 835 praestes,
1027 764 1136 821 amicus

106 851 203 909 otiosa
221 869 267 908 res
287 852 339 909 est.
381 850 427 907 M.
447 849 690 924 quandoquidem
707 850 754 908 his
773 867 832 908 non
852 868 923 926 ago,
944 869 1003 927 ego
1023 855 1057 908 te
1075 852 1136 929 lege

106 939 234 997 detineo.
276 940 312 996 F.
331 940 469 1012 pessima,
492 938 524 996 P.
546 937 586 1011 0.,
609 941 715 998 matris
738 957 828 998 eausa
852 941 913 1013 est,
946 941 981 998 in
1006 959 1071 1016 qua
1092 942 1135 999 lex

106 1029 271 1104 plurimum
300 1030 407 1102 potest.
448 1029 493 1086 Μ.
513 1027 623 1086 liberi
651 1030 821 1104 parentes
849 1029 886 1085 in
917 1029 1135 1089 calamitate

106 1136 175 1176 non
200 1117 375 1176 deserant.
416 1118 453 1175 F.
472 1117 588 1175 facinus
617 1117 740 1177 esthon
767 1118 881 1175 homini
914 1136 1043 1178 reverso
1072 1120 1162 1178 dieiu

107 1208 152 1265 M.
171 1209 263 1264 immo
287 1208 414 1264 matrem
436 1206 603 1282 relinquere
626 1207 750 1266 facinus.
791 1208 826 1264 F.
847 1209 947 1279 reete,
975 1227 1036 1282 pro
1062 1227 1134 1285 sym·

106 1295 192 1369 bolis,
215 1313 270 1370 pro
290 1296 403 1368 scortis,
426 1313 480 1370 pro
503 1296 602 1354 tueris.
643 1297 679 1354 ut
696 1296 811 1354 facinus
834 1297 876 1354 sit
893 1296 1009 1356 relicta
1034 1302 1134 1369 mater,

108 1402 197 1443 eausa
221 1384 294 1442 facit
311 1384 508 1459 relinquendi.
545 1388 582 1443 tu
598 1385 693 1462 igitur
711 1385 785 1443 vale.
827 1402 882 1462 ego
902 1404 967 1444 non
988 1388 1134 1463 relinquo,

108 1471 159 1532 sed
182 1473 326 1531 remittor.
372 1474 418 1531 M.
438 1472 531 1548 quid?
555 1474 659 1533 miserl
699 1474 850 1532 nullamne
877 1474 1009 1534 timebis
1034 1477 1135 1556 legem,

108 1580 144 1619 ne
167 1561 342 1636 relinquar?
383 1564 419 1621 F.
438 1563 554 1622 nullam
571 1565 676 1622 timuit
694 1564 814 1636 amicus,
837 1582 875 1621 ne
898 1564 1134 1641 relinqueretur.
1145 1586 1161 1624 u

108 1651 153 1708 M
174 1650 254 1725 quid,
277 1651 485 1726 perditissime,
509 1655 535 1709 si
557 1655 588 1710 in
607 1653 714 1711 itinere
731 1649 875 1727 perieris?
918 1654 958 1710 F.
979 1660 1086 1715 mater
1102 1655 1135 1715 ad

108 1738 187 1797 diem
211 1759 284 1797 eam.
326 1741 382 1799 hoe
405 1742 452 1799 illi
475 1741 562 1800 debes
586 1743 638 1816 qui
660 1761 707 1800 me
730 1741 787 1799 tibi
808 1742 934 1799 remisit.
981 1745 1065 1804 vale.

394 2008 488 2066 XVII.
513 2009 665 2067 Vaunavn
688 2025 836 2068 nrsvsvu.

109 2132 221 2191 Filium
249 2133 385 2191 abdicare
415 2133 512 2192 voluit
541 2136 635 2209 peter.
678 2135 774 2192 vietus
804 2135 920 2191 invenit
952 2137 987 2193 in
1023 2143 1133 2198 secreta

154 2223 258 2282 domus
288 2225 373 2298 parte
403 2241 550 2280 venenum
572 2224 725 2282 terentem.
768 2224 915 2298 quaesivit
941 2227 1023 2298 quid
1054 2232 1161 2300 essetne

154 2314 203 2371 eui
221 2315 368 2386 parasset.
409 2311 460 2369 ille
484 2311 649 2388 respondit:
673 2332 827 2385 venenum,
846 2313 876 2369 et
894 2329 925 2369 se
945 2314 1031 2374 uelle
1052 2319 1133 2378 mon'.

152 2403 243 2458 iussit
274 2404 360 2476 pater
396 2401 504 2459 bibere.
555 2402 605 2459 ille
639 2401 750 2459 effudit.
802 2403 959 2459 accusatur
995 2424 1016 2463 a
1052 2410 1135 2482 patre

153 2489 315 2565 parricidii.
645 2529 647 2533 -

176 2651 272 2708 Peter.
314 2650 684 2725 infinitomihi,1udiees,
710 2651 809 2709 dolore
833 2651 983 2726 agendum
1011 2658 1061 2714 est
1087 2658 1135 2731 qui

109 2741 140 2797 et
161 2738 258 2797 fflium
281 2740 388 2798 habere
412 2740 493 2798 dieor
516 2742 546 2797 et
568 2741 701 2800 invenire
724 2758 784 2798 non
806 2756 940 2816 possum3
964 2740 1043 2802 dum
1068 2761 1164 2804 een-a

109 2846 217 2902 queror
241 2828 319 2903 quod
343 2848 409 2887 eum
434 2832 573 2903 protervo
595 2831 678 2898 vivo,
706 2829 839 2901 invenie,
869 2830 1048 2912 ut'veneno
1073 2853 1135 2892 me-

109 2919 178 2974 riar.
221 2919 253 2974 in
279 2919 473 2991 parricidium
497 2936 514 2975 a
540 2919 727 2976 eontumaeia
755 2917 862 2976 incidit
888 2916 976 2976 filius.
1022 2923 1134 2982 Fidus.

109 3006 238 3065 lassatus
269 3025 322 3080 per
352 3007 482 3066 diversos
509 3008 634 3066 miserae
657 3008 766 3066 mentis
797 3012 902 3066 aestus.
949 3027 1011 3082 quo
1044 3014 1134 3084 enim,

181 3266 353 3318 3maius1’
438 3272 469 3319 11
489 3265 599 3319 facinus
619 3270 660 3319 est
680 3276 757 3321 ΜΒ
839 3271 872 3318 13
892 3265 1006 3318 eausam
1033 3271 1126 3320 ΗΓ
1202 3250 1203 3255 ¹

110 3336 310 3405 relinquendae
330 3346 374 3390 ΓΒ
446 3343 478 3391 17
498 3340 544 3391 eat
567 3346 613 3390 VB
682 3338 743 3392 vale
763 3355 812 3394 eur.
829 3345 907 3392 Bm

183 3467 215 3514 18
235 3468 371 3515 venenum
389 3461 419 3514 in
438 3467 544 3515 secreto
563 3426 627 3516 XdV
644 3462 736 3514 lex'P
775 3501 776 3504 ,
838 3432 875 3514 '2¹3
898 3461 1064 3531 parricidiis
1089 3475 1135 3520 m

109 3537 144 3586 24
161 3549 206 3586 me
230 3542 275 3586 1'11
345 3535 538 3602 teterqueer,
553 3543 597 3586 1‘11
