2408 3840
355 135 589 231 pneumatio
608 136 660 190 ΧΠ
674 141 787 191 15—1‘1.
991 208 993 213 ,
1011 136 1076 201 233

59 303 206 382 quicquid
228 305 345 365 uicinae
373 306 490 365 civitati
516 307 703 382 praestitisti.
750 325 809 364 non
833 305 898 364 dico
923 305 977 364 illa
1001 325 1077 381 quae

58 397 213 473 poteram,
235 396 310 472 puta
333 394 467 455 caerulus
489 394 585 454 imber
606 397 639 453 in
662 413 752 454 naves
775 395 850 469 ruit,
874 395 975 454 classis
998 397 1077 454 inter

58 485 170 544 fluctus
192 483 281 559 latet,
306 502 360 543 nec
382 483 461 543 inter
484 486 622 544 canentes
645 485 816 543 collisarum
839 501 985 560 aquarum
1008 504 1076 560 spu·

60 591 127 633 mas
149 573 219 632 vela
240 573 433 648 dinoscimus,
460 574 555 651 egerit
577 593 612 632 ex
634 572 727 632 fundo
749 573 876 632 harenas
898 592 993 647 mare,
1021 575 1076 632 mi-

37 663 133 725 scunt
159 663 257 740 ignes,
284 661 403 721 intonat
430 663 557 737 caelum,
587 663 686 723 scissis
713 661 886 721 rudentibus
914 664 1076 738 tempestas

61 751 180 826 sibilat,
207 751 333 826 denique
357 751 437 810 sidus
464 750 620 810 hibernum
648 751 794 826 conditur,
821 754 855 810 tu
882 754 983 811 tamen
1010 771 1076 827 per·

61 859 180 901 severa:
203 840 385 899 frumentum
402 840 493 900 vehis.
530 841 607 899 nihil
628 841 735 900 horum
752 859 869 901 necesse
888 842 933 899 est
950 841 1077 900 feliciter

60 929 229 1007 naviganti,
252 930 369 988 festina.
407 948 552 1005 quererer,
576 931 601 988 si
623 949 714 990 naves
733 933 899 989 commeatu
919 929 1076 990 tardasses.

62 1017 135 1078 dum
148 1019 318 1078 velocitatis
336 1019 413 1078 ratio
432 1018 599 1094 haberetur,
622 1019 741 1078 mallem
761 1019 894 1096 accipere
913 1019 1077 1077 dimidium.

24 1126 125 1170 renen
152 1107 274 1166 delicati
305 1125 420 1183 sumus,
451 1127 511 1166 non
537 1109 673 1168 luxuriae
701 1110 854 1184 quaeritur
881 1107 1128 1182 abundantia317

63 1196 142 1256 unde
170 1198 309 1273 spiritum
340 1196 551 1271 sustineamus,
584 1197 661 1256 unde
693 1200 818 1256 mortem
846 1197 1016 1256 differamus
1045 1199 1102 1260 in,

62 1285 235 1362 praesentia
258 1287 560 1361 quantulumcunque.
597 1287 623 1346 si
645 1286 713 1362 plus
737 1305 811 1363 opus
833 1287 937 1361 fuerit,
960 1286 1077 1347 redibis.

132 1374 234 1434 Siccae
265 1376 365 1434 fauces
392 1377 475 1449 sunt,
508 1394 596 1452 aeger
627 1375 775 1435 anhelitus
804 1393 836 1434 os
866 1376 971 1435 tendit.
1016 1379 1078 1435 iam

63 1464 178 1523 frustra
199 1465 231 1522 in
254 1465 322 1523 sinu
343 1464 513 1539 parentium
536 1463 623 1523 liberi
644 1464 773 1540 plorant,
799 1467 829 1523 et
851 1464 982 1524 nondum
1005 1465 1079 1524 editi

30 1573 51 1615 u
64 1555 223 1629 conceptus
246 1554 327 1613 intra
348 1555 467 1612 uterum
489 1553 599 1612 famem
621 1555 762 1613 sentiunt.
802 1555 864 1612 iam
886 1573 972 1613 nemo
996 1554 1078 1614 dives

64 1645 117 1702 est.
165 1661 253 1702 auras
285 1645 440 1719 captamus
473 1644 503 1701 et
534 1661 599 1701 rore
627 1643 786 1719 vescimur,
819 1645 849 1702 et
875 1642 937 1701 iam
964 1645 1078 1719 spirare

62 1733 247 1791 tormentum
270 1734 327 1807 est,
355 1732 464 1790 cotidie
487 1732 564 1790 vires
588 1731 735 1791 deficiunt.
780 1732 842 1790 iam
865 1751 924 1791 non
947 1735 1024 1791 imus
1046 1734 1079 1791 in

63 1821 136 1880 litus
160 1821 212 1880 sed
234 1820 373 1880 redimus.
414 1822 446 1878 in
470 1820 558 1880 editis
581 1820 711 1896 scopulis
738 1821 867 1898 populus
890 1821 985 1896 sedet,
1008 1821 1079 1881 dum

63 1928 156 1970 naves
184 1912 333 1986 expectat,
360 1910 392 1968 in
414 1928 526 1986 pascua
547 1929 608 1968 non
634 1910 720 1969 redit.
767 1929 860 1987 aquas
887 1910 1078 1988 ingredimur,

31 2002 95 2061 aet
117 2017 196 2058 unus
219 1998 258 2057 ad
280 2003 310 2058 te
334 2000 533 2075 spectantium
555 2000 648 2058 rictus
671 2002 729 2073 est,
752 2002 796 2073 et,
818 2018 886 2059 cum
909 2000 1080 2060 defecerunt

65 2089 181 2163 omnia,
205 2089 348 2164 expirant.
394 2090 438 2163 te,
461 2090 491 2147 te
515 2091 704 2164 expectantes
727 2088 850 2148 intentis
874 2089 966 2148 oculis
989 2091 1078 2147 mori-

63 2197 140 2252 mur,
157 2178 191 2235 in
209 2197 290 2236 mare
308 2179 420 2238 mortui
438 2178 556 2237 cadunt.
595 2179 730 2253 quotiens
748 2178 811 2237 sole
828 2197 969 2254 percussa
986 2177 1078 2237 nubes

63 2265 197 2341 refulsit,
228 2286 335 2326 navem
361 2269 515 2343 putamus,
547 2269 683 2342 quotiens
715 2267 827 2326 fractus
855 2269 943 2326 vento
970 2267 1078 2326 fluctus

63 2355 214 2431 incanuit,
237 2356 304 2415 vela
331 2355 570 2432 interpretamur.
616 2376 634 2416 o
659 2355 782 2415 mobiles
810 2357 985 2415 miserorum
1013 2375 1078 2431 spes

30 2444 103 2506 aad
130 2464 326 2520 unaquaeque
358 2445 469 2505 solacia
497 2445 533 2505 ab
564 2463 742 2521 unoquoque
772 2445 918 2520 quomodo
951 2442 1079 2504 nutant?

64 2533 139 2594 hacc
163 2535 241 2593 certe
264 2535 349 2594 navis
373 2536 426 2610 est,
449 2553 514 2593 ecce
538 2534 606 2594 vela
628 2534 808 2610 panduntur,
831 2533 954 2610 propius
978 2535 1079 2610 appel-

139 2739 359 2810 lpraestitisti{
378 2742 400 2810 (s
419 2742 466 2810 er.)
481 2749 514 2792 Β
589 2703 750 2811 Βοηθῐέᾒηε
769 2748 801 2792 Β
874 2738 992 2807 hymber
1009 2748 1030 2790 V

65 2816 82 2864 3
102 2812 247 2865 canentes:
266 2829 285 2864 n
298 2814 382 2880 price
399 2812 431 2864 irc
443 2829 499 2866 ras.
513 2821 541 2865 Β
612 2811 776 2878 collisarum
793 2820 833 2877 Β;
856 2809 1032 2865 colliesarum
1050 2819 1082 2863 Β

64 2889 201 2937 latenas
219 2891 259 2935 Vc*
334 2883 455 2950 bsydus
473 2882 629 2951 hybernum
647 2893 668 2935 V
754 2882 929 2952 8navigasti
947 2883 1007 2937 Sco.

64 2969 131 3008 aves
152 2962 180 3006 Β
268 2953 490 3018 9velocitatia
580 2959 614 3006 10
636 2954 833 3008 habundantia
850 2963 883 3018 Va
973 2959 1004 3006 11
1031 2952 1080 3007 sed

63 3025 140 3079 unde
155 3024 314 3093 spiritnmc
358 3024 414 3078 ude
427 3027 546 3079 mortem
559 3034 585 3092 V,
601 3043 621 3078 n
634 3026 891 3094 euprmcaolterc
941 3029 974 3077 13
993 3023 1080 3076 hane-

63 3096 133 3150 litus
152 3105 174 3148 V
214 3096 344 3151 ostendet
357 3105 418 3163 BV,
437 3113 468 3150 os
483 3097 639 3161 ostendite
694 3102 727 3149 14
746 3097 838 3150 sinum
853 3117 871 3149 α
920 3094 1080 3165 parentium

63 3177 103 3222 B:
123 3168 197 3220 -turn
210 3168 311 3236 reliqui
365 3173 398 3222 16
417 3167 516 3239 Εξίαιη
530 3169 553 3238 (t
566 3169 613 3237 er.)
631 3177 653 3220 V
698 3167 804 3236 spirare
818 3169 910 3222 Desa:
931 3181 1042 3235 sperare
1057 3187 1080 3218 ω

65 3238 239 3303 181ittusc
311 3238 378 3292 ditis
397 3249 436 3306 Β,
460 3249 601 3309 usupra
672 3238 793 3308 scopulis
817 3255 850 3292 ec
868 3255 914 3291 -us
932 3246 960 3290 Β
1030 3252 1080 3305 po-

63 3309 450 3381 pulusom.BM(ecpr.m)
512 3310 686 3364 lOritusM
738 3313 877 3365 eterra?
938 3314 971 3362 21
990 3310 1020 3361 te
1037 3309 1078 3361 te:

63 3419 133 3472 runc
146 3419 176 3471 te
190 3425 229 3485 n,
247 3384 339 3472 taf's
376 3419 541 3487 expectante
555 3427 583 3471 r
627 3422 660 3471 22
679 3416 796 3470 esame:
811 3435 830 3470 u
846 3417 878 3470 a
891 3419 975 3470 aar
988 3416 1039 3468 aa
1051 3424 1084 3467 n

42 3530 100 3579 ·28
119 3505 226 3592 fracida
244 3535 276 3579 Β
327 3527 425 3580 ventos
444 3541 477 3580 ec
494 3527 633 3580 ventusv
701 3529 738 3579 ⁴24
754 3511 801 3579 in't
815 3486 871 3580 dud
920 3524 1055 3578 astamus
1070 3529 1098 3571 u
