2408 3840
379 121 613 177 DECLAMATIO
632 123 658 178 V
676 128 754 178 4-6.
1028 123 1072 189 93

55 313 132 354 sam
169 292 313 369 explicuit
334 291 482 351 iustitiam
504 291 735 367 comparationis
759 293 810 367 qui
833 292 958 351 decessit
981 295 1072 352 etiam

56 383 240 457 redemptae,
263 383 293 440 et
315 381 347 438 in
368 382 500 457 perituro
523 380 585 439 filio
608 380 684 438 nihil
705 381 785 438 aliud
805 381 931 440 electum
950 383 1003 440 est.
1039 384 1071 440 in

61 489 120 548 qno
140 471 187 529 sni
210 469 300 530 miser
326 470 423 529 famae
451 467 604 544 periculo?
647 469 725 528 filius
748 488 830 528 meus
856 470 998 548 languore
1022 472 1071 529 de-

60 560 180 620 functus
204 561 257 618 est.
293 561 394 618 tamen
415 561 502 635 pater
524 558 672 617 occiderat
695 577 825 634 aegrum,
849 559 875 617 si
894 559 1071 634 reliquisset.

32 649 195 710 cuderam
222 648 375 722 continuo,
402 646 528 720 iudices,
555 649 587 705 in
614 665 728 707 carcere
755 648 809 706 illo
833 650 979 723 quantum
1003 667 1071 724 pro-

57 738 194 798 mitteret
216 738 383 796 constantia
405 735 533 795 hominis
556 754 643 812 quem
666 755 724 795 non
749 737 917 812 captivitas,
940 756 1000 795 non
1022 756 1071 795 ex-

45 811 191 905 ’pectatio
214 826 323 901 patris,
351 843 409 884 non
437 825 539 884 fratris
566 825 704 902 fregisset
730 825 896 885 infirmitas.
941 843 995 884 nec
1017 828 1071 884 im·

57 917 166 975 merito
191 917 297 974 cuncta
320 914 355 973 de
381 915 544 974 fortissimo
570 915 676 973 iuvene
700 913 830 990 speravi,
858 914 883 972 si
906 913 1011 973 fuisset
1034 915 1072 973 ad

59 1022 163 1066 omnes
191 1006 313 1062 conatus
341 1003 488 1079 explicato
515 1002 675 1079 languente
700 1003 828 1061 liberior.
874 1002 994 1062 tandem
1016 1005 1072 1061 mi·

19 1112 142 1156 moeros
169 1093 290 1151 fortuna
315 1091 458 1168 respexit,
489 1094 520 1150 et
545 1095 619 1168 puto
647 1094 749 1151 eontra
780 1092 963 1166 praedonum
995 1110 1072 1150 com·

59 1185 164 1242 menta
181 1182 340 1255 feritatem,
360 1183 426 1257 ipsa
445 1180 601 1254 consensit,
619 1183 654 1238 ut
672 1180 756 1239 nobis
776 1200 864 1256 quem
881 1183 1071 1259 negaverant,

59 1291 120 1331 non
145 1269 343 1329 abstulissent.
388 1289 447 1328 non
472 1269 590 1345 quidem
611 1268 697 1345 mihi,
720 1268 845 1344 iudices,
868 1288 974 1347 arrogo
996 1269 1108 1329 tem-t

22 1372 25 1378 '
59 1363 143 1437 poris
165 1359 248 1418 illius
269 1357 501 1435 providentiam,
528 1358 604 1417 nihil
625 1378 672 1417 me
695 1359 792 1417 fateor
814 1359 917 1418 fecisse
940 1359 1072 1432 oonsilio,

59 1451 163 1526 potest
190 1450 289 1507 tamen
312 1447 466 1523 utriusque
488 1447 602 1507 iuvenis
631 1447 725 1506 exitus
748 1448 972 1507 necessitatibus
998 1449 1072 1507 meis

22 1558 47 1600 as
60 1538 220 1615 adsignare
250 1537 404 1596 rationem.
450 1536 541 1612 periit
572 1556 660 1612 quem
696 1535 821 1610 redemi,
857 1554 991 1596 reversus
1028 1539 1073 1595 est

60 1646 152 1703 quem
174 1625 289 1701 reliqui.

127 1714 279 1774 Invenissc
301 1717 332 1773 te
353 1716 455 1790 putas,
482 1713 610 1787 iuvenis,
635 1716 751 1790 patrem
773 1714 853 1773 mbos
877 1716 907 1772 et
930 1714 1073 1772 alimenta

61 1801 253 1880 poscentem?
280 1802 457 1879 quaerebam
470 1803 600 1878 pretium
612 1805 710 1862 tuum:
728 1805 872 1862 -testor
885 1803 1073 1862 clementiam

61 1893 237 1952 mitissimae
261 1891 391 1951 civitatis
413 1923 451 1932 -
475 1891 548 1950 haec
569 1911 684 1968 preces,
711 1894 760 1951 hie
787 1893 921 1969 rogantis
945 1892 1073 1950 ambitus

24 1982 135 2043 afuit:
160 1977 359 2055 ‘miseremini,
382 1981 451 2040 date
470 1980 571 2055 stipes,
593 1981 754 2059 indulgete,
777 1982 915 2056 conferte,
937 1984 1073 2058 repeten-

62 2070 117 2130 dns
148 2072 193 2128 est
219 2069 271 2129 ille
298 2070 350 2144 qui
375 2070 481 2128 redimi
512 2070 619 2128 maluit
649 2066 793 2128 fratrem’
840 2070 891 2130 sed
915 2072 944 2128 et
966 2071 1022 2129 hac
1043 2072 1073 2129 te

62 2159 188 2220 decebat
213 2176 363 2242 reversum
389 2159 573 2233 proclamare
600 2177 686 2218 voce:
720 2154 811 2236 ‘erige
838 2160 952 2233 vultus,
979 2161 1074 2234 pater,

63 2248 170 2308 attolle
206 2246 375 2306 tristitiam:
411 2246 556 2306 vindicati
591 2246 627 2305 de
659 2250 838 2307 saevissimis
874 2246 1072 2324 praedonibus

63 2355 174 2412 sumus,
197 2336 271 2395 duos
292 2331 463 2395 redemisti?

25 2445 50 2486 ss
131 2425 282 2484 Alimenta
303 2443 402 2501 posco,
424 2427 560 2500 poteram
581 2444 641 2484 non
659 2425 773 2485 adicere
791 2425 888 2483 filium
905 2427 1000 2500 pater,
1023 2424 1074 2483 sed

62 2514 215 2573 mendicus
238 2514 395 2588 hominem,
418 2513 469 2572 sed
491 2516 628 2573 iuvenem
650 2533 746 2573 senex.
788 2514 854 2589 quis
878 2515 956 2572 enim
978 2514 1073 2590 magis

64 2623 100 2663 ex
127 2603 201 2679 ipsis
232 2622 332 2661 rerum
362 2605 487 2662 naturae
517 2605 608 2663 sacris
639 2603 872 2678 venerandisque
903 2601 1073 2678 primordiis

64 2691 217 2752 descendit
244 2690 385 2751 affectus?
431 2690 501 2766 quid
528 2691 619 2752 etiam
646 2692 725 2751 inter
748 2692 856 2752 liberos
880 2710 914 2750 ac
936 2692 1073 2768 parentes

63 2785 128 2841 tam
155 2799 321 2856 commune,
353 2783 416 2840 tam
447 2780 598 2856 publicum
631 2800 720 2856 quam
747 2783 782 2839 ut
811 2782 936 2840 alicuius
965 2781 1074 2838 famem

29 2872 216 2946 »proximus
244 2870 368 2946 quisque
397 2868 548 2945 depellat?
592 2870 689 2929 voluit
717 2888 771 2929 nos
800 2871 851 2929 ille
881 2869 1074 2929 mortalitatis

137 3016 242 3096 lqnid
259 3030 287 3074 Β
366 3019 475 3075 3fame
492 3030 521 3074 Β
600 3020 770 3075 oddaram:
790 3038 814 3074 v.
834 3021 858 3074 si
875 3031 915 3088 Β;
934 3039 958 3074 v.
974 3020 1014 3074 sic
1032 3029 1074 3088 M,

64 3111 103 3148 aa
120 3111 145 3147 v.
162 3092 288 3147 seilicet?
320 3163 326 3176 .
375 3097 408 3145 10
431 3095 600 3146 commenta:
624 3094 762 3146 commotu
784 3093 845 3148 Obr.
928 3098 960 3146 12
980 3092 1074 3146 abstu-

64 3213 143 3291 ficeta
157 3243 186 3289 Β
232 3164 372 3289 norffiillii
385 3244 414 3288 Β
463 3234 626 3303 reperiar
677 3240 709 3289 17
728 3234 866 3289 iuvenisse
880 3244 907 3287 Β
956 3239 988 3288 19
1009 3233 1075 3287 eivi-
1140 3222 1143 3227 ’

64 3308 133 3362 tatis
151 3305 379 3378 iarua.(a?:)·11
458 3312 491 3359 22
515 3305 621 3376 erigere
638 3305 730 3361 voltus
748 3316 776 3359 Β
860 3312 893 3361 26
916 3305 1075 3359 mendicum

69 3389 90 3432 ν
158 3393 238 3432 senes
261 3387 282 3430 V
354 3377 403 3447 qui
421 3387 473 3431 Βν
545 3377 655 3445 eenim
673 3377 763 3448 magis
782 3387 809 3430 Β
889 3383 923 3432 28
946 3376 1024 3450 etitet
1042 3387 1075 3443 P,

67 3503 152 3558 etiam
169 3525 191 3565 p
263 3464 433 3572 30dcpellit
449 3512 478 3556 Β
