2408 3840
374 163 679 219 DECLAMATIONES
696 164 717 218 Ι.
736 164 769 218 Π.
789 163 834 218 IV.
1047 163 1113 228 393

441 387 492 445 IV.
516 387 772 447 Mnrmsunrrovs.

97 513 155 570 Vir
173 513 259 572 fortis
278 514 362 587 optet
383 513 550 587 praemium
569 511 648 587 quod
666 512 754 571 volet.
795 511 848 586 qui
871 529 990 570 causam
1008 513 1112 570 mortis

144 603 238 660 accite
272 603 304 659 in
338 604 443 661 senatu
479 618 538 659 non
576 600 790 676 praetenderit,
824 601 1000 675 insepultus.
1052 602 1112 659 lex:

144 690 294 766 parricida
326 691 420 750 culleo
451 688 609 749 obvolutus
641 708 708 748 cum
737 688 824 749 simia
855 692 885 748 et
916 691 1051 764 serpente
1080 691 1112 747 in

71 802 84 840 s
144 779 340 856 profluentem
366 778 520 838 abiciatur.
558 778 679 854 quidam
703 779 740 837 de
760 781 850 853 partu
875 780 974 837 uxoris
999 778 1113 836 mathe-

143 869 287 927 maticum
318 869 473 927 consuluit.
518 869 545 928 is
574 867 727 942 respondit
756 869 854 926 virum
883 867 990 926 fortem
1018 869 1112 926 nasci·

143 961 246 1016 turum
274 960 304 1016 et
329 956 516 1032 parricidam.
563 975 629 1015 cum
659 956 838 1016 adolevisset
867 958 919 1031 qui
948 960 1036 1016 natus
1060 958 1113 1031 est,

144 1046 222 1106 bello
245 1047 361 1123 patriae
384 1046 504 1105 fortiter
530 1046 610 1104 fecit.
656 1063 776 1105 causam
798 1047 986 1105 voluntariae
1008 1047 1113 1103 mortis

144 1137 176 1193 in
200 1137 304 1195 senatu
326 1134 431 1194 reddit.
477 1137 564 1210 pater
586 1134 771 1193 contradicit.

58 1317 86 1357 ro
174 1295 228 1355 Ve'r
244 1297 338 1369 fortes
378 1297 503 1371 positus,
521 1294 554 1353 P.
574 1293 615 1369 0,
633 1294 665 1352 in
684 1313 719 1353 ea
738 1293 907 1353 conditione
925 1295 1113 1353 tristissimae

102 1386 199 1458 sortis,
218 1386 252 1442 ut
269 1403 323 1442 nec
340 1388 436 1443 morte
450 1383 557 1462 dignus
574 1384 640 1458 sim,
657 1385 717 1443 nisi
730 1403 777 1442 me
795 1383 974 1461 parricidam
992 1385 1114 1459 putetis,

101 1491 155 1531 nec
177 1473 324 1550 praemio,
353 1473 411 1532 nisi
435 1473 635 1545 innocentem,
665 1471 797 1548 adeoque
824 1472 962 1532 ludibriis
989 1475 1113 1532 miserae

101 1565 158 1621 sim
180 1562 364 1621 necessitatis
382 1561 556 1637 implicitus,
579 1564 614 1620 ut
636 1561 697 1619 odii
715 1564 774 1620 mei
796 1561 930 1620 favorem
953 1563 1113 1637 impetrare

100 1669 118 1709 a
142 1650 226 1710 vobis
249 1651 382 1727 habeam,
406 1668 516 1727 quaeso
538 1669 592 1726 per
610 1650 711 1709 omnia
729 1669 806 1726 quae
829 1652 973 1709 antehoc
995 1653 1113 1726 tempus
1197 1678 1200 1685 ¹

60 1761 85 1801 rs
100 1741 179 1821 circa
209 1759 262 1800 nos
294 1740 365 1799 ordo
388 1741 525 1799 veritatis
553 1739 709 1816 explicuit,
743 1739 880 1799 attulisse
909 1760 957 1799 me
987 1740 1114 1800 credatis

100 1828 272 1905 urgentium
293 1830 440 1888 malorum
468 1829 683 1904 probationem.
729 1831 806 1887 mori
829 1829 933 1904 debeo,
960 1831 1115 1904 quianon

101 1917 190 1976 aliter
211 1918 403 1993 parricidium
429 1920 507 1992 vito;
535 1918 719 1995 sepulturam
743 1920 827 1993 peto,
855 1919 927 1993 quia
949 1918 1114 1993 praemium

101 2006 196 2064 merui
218 2007 337 2066 fortiter
359 2007 481 2084 egendo.
526 2007 622 2066 Pater.
662 2009 812 2082 proponit,
835 2005 866 2063 P.
888 2006 928 2081 0,
952 2007 1031 2082 quod
1053 2025 1114 2064 non

101 2112 217 2155 necesse
241 2098 293 2170 est,
316 2098 393 2172 petit
412 2095 492 2171 quod
510 2095 681 2154 donandum
701 2114 761 2154 non
785 2098 836 2155 est.
888 2096 920 2154 V
946 2094 1114 2154 donandum

59 2206 86 2245 ro
100 2202 163 2244 esse
186 2186 278 2260 patet.
325 2204 379 2261 ego
406 2184 484 2243 illud
511 2203 567 2260 pro
590 2184 726 2244 omnibus
756 2185 871 2242 meritis
900 2184 965 2243 loco
988 2183 1115 2260 praemii

99 2276 179 2348 peto.
224 2274 257 2331 P.
282 2275 308 2333 si
328 2292 383 2349 pro
406 2273 480 2332 bene
498 2274 612 2333 meritis
630 2276 757 2331 mortem
775 2273 863 2346 datis,
886 2291 940 2347 pro
964 2272 1113 2331 contrario

100 2362 173 2437 quid
196 2360 366 2422 donabitis?
412 2363 444 2421 V.
468 2382 527 2422 non
549 2362 582 2420 id
603 2364 686 2438 peto,
712 2364 747 2420 ut
768 2364 895 2420 mortem
918 2362 1040 2436 donent,
1064 2361 1115 2420 sed

99 2452 197 2526 legem
219 2452 388 2526 sepulturae
408 2455 442 2510 ut
459 2451 581 2510 leniant.
627 2451 661 2508 P.
678 2451 763 2509 illam
781 2452 881 2525 potius
899 2451 1015 2509 leniant
1039 2468 1115 2525 quae

99 2539 279 2616 parricidam
308 2542 339 2598 in
367 2540 562 2615 profluentem
592 2541 695 2598 mittit.
747 2540 780 2598 V.
803 2540 862 2598 nisi
891 2558 938 2597 me
967 2539 1115 2599 audierint

60 2649 86 2689 rs
101 2647 202 2687 omnes
225 2629 331 2687 amodo
359 2631 480 2688 iuvenes
506 2629 538 2686 in
566 2629 711 2688 servanda
738 2629 891 2703 republica
918 2628 1013 2704 tepidi
1034 2629 1114 2687 fient.

99 2718 133 2776 P.
156 2717 268 2777 nisi-te
291 2719 482 2792 servaverint,
505 2735 605 2777 omnes
628 2718 678 2794 qui
698 2717 796 2777 minus
819 2719 944 2795 egerint,
966 2717 1116 2794 desperati

100 2809 195 2866 erunt.
247 2807 280 2865 V.
303 2807 424 2881 videtis,
452 2807 525 2884 quid
547 2809 757 2882 consequatur,
785 2806 817 2864 P.
838 2804 878 2881 0,
902 2826 968 2865 mea
995 2807 1116 2882 quidem

99 2895 211 2970 peribit
239 2895 386 2970 probitas,
417 2895 598 2972 reipublicae
627 2915 687 2954 non
716 2895 826 2971 peribit
855 2895 1059 2972 opprobrium,
1089 2896 1115 2955 si

172 3053 187 3100 2
207 3047 249 3100 vir
262 3046 344 3100 fortis
359 3047 481 3100 secunda
494 3046 540 3100 lex
553 3056 581 3100 P
645 3046 687 3099 vir
705 3046 786 3100 fortis
796 3078 831 3086 —
842 3046 982 3100 abiciatur
1001 3047 1017 3101 l.
1034 3052 1049 3099 5
1063 3063 1114 3101 oro.

100 3126 154 3170 BV
204 3123 295 3188 3post
307 3117 465 3187 insepultus
480 3119 544 3172 add.
560 3116 737 3171 abiciaturn
792 3123 807 3170 9
823 3119 886 3172 add.
898 3127 937 3171 R:
953 3119 1116 3186 comparent

101 3205 195 3242 coram
214 3191 313 3243 senatu
390 3194 423 3242 10
443 3190 503 3259 ea}
521 3198 548 3242 Ρ
624 3194 656 3242 13
676 3206 737 3241 sum
755 3199 784 3243 Β
860 3188 956 3242 odium
970 3189 999 3241 in
1017 3189 1073 3242 mei
1087 3198 1116 3242 Β

102 3265 135 3314 18
155 3265 218 3315 ante
231 3259 364 3331 proponit
383 3261 446 3314 add.
461 3269 501 3313 κε
520 3275 566 3313 me
583 3275 648 3313 vero
667 3259 793 3313 veritatis
808 3259 913 3314 iudicio
932 3259 1060 3313 funditus
1073 3259 1115 3312 in-

100 3331 227 3385 volutum
241 3348 300 3386 esse
317 3333 428 3386 constat
442 3330 521 3398 adeo,
540 3333 572 3385 ut
586 3329 630 3384 vel
644 3331 774 3384 orbitatis
791 3330 899 3384 dolores
914 3331 1058 3384 incurram
1072 3330 1122 3382 uel

99 3402 159 3456 filio
179 3402 312 3472 denegem
333 3401 514 3472 sepulturam.
552 3402 645 3475 patris
668 3401 901 3459 misericordiam
919 3401 980 3453 lilii
995 3397 1141 3467 probarin-

95 3476 180 3523 tatem
196 3476 306 3526 censete
359 3473 388 3528 P.
408 3473 435 3530 Ο.
452 3492 505 3534 om.
522 3486 551 3533 n
609 3483 647 3534 20
665 3480 768 3550 patet:
783 3477 840 3532 lex
851 3473 959 3544 arguit
972 3480 1003 3524 ιι
1055 3469 1096 3516 Vl
1117 3475 1164 3508 *Q-

83 3541 188 3602 qnatur
209 3550 258 3593 m
332 3561 413 3602 mea:
434 3549 465 3602 in
488 3568 524 3607 ea
549 3561 600 3608 VB
