<?xml version="1.0" encoding="UTF-8"?>
<!DOCTYPE html PUBLIC "-//W3C//DTD XHTML 1.0 Transitional//EN"
    "http://www.w3.org/TR/xhtml1/DTD/xhtml1-transitional.dtd">
<html xmlns="http://www.w3.org/1999/xhtml" xml:lang="en" lang="en">
 <head>
  <title>
</title>
<meta http-equiv="Content-Type" content="text/html;charset=utf-8" />
  <meta name='ocr-system' content='tesseract 3.04.00' />
  <meta name='ocr-capabilities' content='ocr_page ocr_carea ocr_par ocr_line ocrx_word'/>
</head>
<body>
  <div class='ocr_page' id='page_1' title='image "./qvintilianiqvae01quingoog_0339.png"; bbox 0 0 2408 3840; ppageno 0'>
   <div class='ocr_carea' id='block_1_1' title="bbox 148 162 842 232">
    <p class='ocr_par' dir='ltr' id='par_1_1' title="bbox 148 162 842 232">
     <span class='ocr_line' id='line_1_1' title="bbox 148 162 842 232; baseline 0 -12"><span class='ocrx_word' id='word_1_1' title='bbox 148 169 213 232; x_wconf 83' lang='grc'>304</span> <span class='ocrx_word' id='word_1_2' title='bbox 470 162 652 220; x_wconf 80' lang='lat' dir='ltr'>VENENVM</span> <span class='ocrx_word' id='word_1_3' title='bbox 671 165 842 220; x_wconf 74' lang='lat' dir='ltr'>EFFVSVM</span> 
     </span>
    </p>
   </div>
   <div class='ocr_carea' id='block_1_2' title="bbox 110 333 1188 2726">
    <p class='ocr_par' dir='ltr' id='par_1_2' title="bbox 145 333 1188 1034">
     <span class='ocr_line' id='line_1_2' title="bbox 148 333 1160 410; baseline -0.004 -15"><span class='ocrx_word' id='word_1_4' title='bbox 148 338 298 395; x_wconf 84' lang='lat' dir='ltr'>miseritus</span> <span class='ocrx_word' id='word_1_5' title='bbox 321 338 389 409; x_wconf 91' lang='lat' dir='ltr'>mei,</span> <span class='ocrx_word' id='word_1_6' title='bbox 411 337 560 395; x_wconf 76' lang='lat' dir='ltr'><strong>miseritus</strong></span> <span class='ocrx_word' id='word_1_7' title='bbox 583 337 687 410; x_wconf 84' lang='lat' dir='ltr'>patris,</span> <span class='ocrx_word' id='word_1_8' title='bbox 710 354 778 393; x_wconf 90' lang='lat' dir='ltr'>cum</span> <span class='ocrx_word' id='word_1_9' title='bbox 795 334 830 392; x_wconf 92' lang='lat' dir='ltr'>de</span> <span class='ocrx_word' id='word_1_10' title='bbox 854 333 1026 410; x_wconf 90' lang='lat' dir='ltr'>praeteritis</span> <span class='ocrx_word' id='word_1_11' title='bbox 1049 334 1160 409; x_wconf 89' lang='lat' dir='ltr'>prospi-</span> 
     </span>
     <span class='ocr_line' id='line_1_3' title="bbox 149 417 1160 502; baseline -0.002 -19"><span class='ocrx_word' id='word_1_12' title='bbox 149 444 256 499; x_wconf 83' lang='lat' dir='ltr'>cerem,</span> <span class='ocrx_word' id='word_1_13' title='bbox 284 427 383 502; x_wconf 82' lang='lat' dir='ltr'>iurgia</span> <span class='ocrx_word' id='word_1_14' title='bbox 410 428 474 482; x_wconf 91' lang='lat' dir='ltr'>tam</span> <span class='ocrx_word' id='word_1_15' title='bbox 502 425 593 501; x_wconf 86' lang='lat' dir='ltr'>longa</span> <span class='ocrx_word' id='word_1_16' title='bbox 619 442 710 499; x_wconf 87' lang='lat' dir='ltr'>quam</span> <span class='ocrx_word' id='word_1_17' title='bbox 737 425 854 501; x_wconf 84' lang='lat' dir='ltr'>vitam,</span> <span class='ocrx_word' id='word_1_18' title='bbox 868 417 1008 501; x_wconf 77' lang='lat' dir='ltr'>(vitare)</span> <span class='ocrx_word' id='word_1_19' title='bbox 1036 421 1160 498; x_wconf 76' lang='lat' dir='ltr'><strong>captavi,</strong></span> 
     </span>
     <span class='ocr_line' id='line_1_4' title="bbox 148 512 1159 588; baseline -0.003 -16"><span class='ocrx_word' id='word_1_20' title='bbox 148 515 257 587; x_wconf 85' lang='lat' dir='ltr'>fateor,</span> <span class='ocrx_word' id='word_1_21' title='bbox 289 532 406 572; x_wconf 88' lang='lat' dir='ltr'>omnem</span> <span class='ocrx_word' id='word_1_22' title='bbox 438 532 591 572; x_wconf 86' lang='lat' dir='ltr'>occursum</span> <span class='ocrx_word' id='word_1_23' title='bbox 618 530 707 588; x_wconf 91' lang='lat' dir='ltr'>quem</span> <span class='ocrx_word' id='word_1_24' title='bbox 737 512 812 571; x_wconf 91' lang='lat' dir='ltr'>mihi</span> <span class='ocrx_word' id='word_1_25' title='bbox 837 512 963 572; x_wconf 79' lang='lat' dir='ltr'>videbar</span> <span class='ocrx_word' id='word_1_26' title='bbox 989 529 1159 588; x_wconf 76' lang='lat' dir='ltr'>exasperare</span> 
     </span>
     <span class='ocr_line' id='line_1_5' title="bbox 148 600 1160 679; baseline 0 -19"><span class='ocrx_word' id='word_1_27' title='bbox 148 604 328 679; x_wconf 88' lang='lat' dir='ltr'>praesentia,</span> <span class='ocrx_word' id='word_1_28' title='bbox 357 621 490 675; x_wconf 85' lang='lat' dir='ltr'>exorare,</span> <span class='ocrx_word' id='word_1_29' title='bbox 518 602 588 660; x_wconf 91' lang='lat' dir='ltr'>dum</span> <span class='ocrx_word' id='word_1_30' title='bbox 615 603 737 678; x_wconf 90' lang='lat' dir='ltr'>morior,</span> <span class='ocrx_word' id='word_1_31' title='bbox 766 605 796 660; x_wconf 88' lang='lat' dir='ltr'>et</span> <span class='ocrx_word' id='word_1_32' title='bbox 825 606 982 677; x_wconf 88' lang='lat' dir='ltr'>tamquam</span> <span class='ocrx_word' id='word_1_33' title='bbox 1010 600 1160 660; x_wconf 83' lang='lat' dir='ltr'>novissimi</span> 
     </span>
     <span class='ocr_line' id='line_1_6' title="bbox 146 691 1188 768; baseline -0.005 -18"><span class='ocrx_word' id='word_1_34' title='bbox 146 693 274 750; x_wconf 84' lang='lat' dir='ltr'>ambitus</span> <span class='ocrx_word' id='word_1_35' title='bbox 297 710 390 768; x_wconf 85' lang='lat' dir='ltr'>genus</span> <span class='ocrx_word' id='word_1_36' title='bbox 413 693 590 768; x_wconf 75' lang='lat' dir='ltr'>excogitavi,</span> <span class='ocrx_word' id='word_1_37' title='bbox 613 694 648 749; x_wconf 91' lang='lat' dir='ltr'>ut</span> <span class='ocrx_word' id='word_1_38' title='bbox 669 711 716 749; x_wconf 92' lang='lat' dir='ltr'>me</span> <span class='ocrx_word' id='word_1_39' title='bbox 738 692 771 749; x_wconf 92' lang='lat' dir='ltr'>in</span> <span class='ocrx_word' id='word_1_40' title='bbox 793 692 937 749; x_wconf 87' lang='lat' dir='ltr'>honorem</span> <span class='ocrx_word' id='word_1_41' title='bbox 959 691 1007 748; x_wconf 89' lang='lat' dir='ltr'>sui</span> <span class='ocrx_word' id='word_1_42' title='bbox 1029 706 1188 749; x_wconf 80' lang='lat' dir='ltr'>reveren-e</span> 
     </span>
     <span class='ocr_line' id='line_1_7' title="bbox 145 778 1157 857; baseline -0.004 -18"><span class='ocrx_word' id='word_1_43' title='bbox 145 784 278 857; x_wconf 91' lang='lat' dir='ltr'>tiamque</span> <span class='ocrx_word' id='word_1_44' title='bbox 300 784 473 857; x_wconf 88' lang='lat' dir='ltr'>pereuntem</span> <span class='ocrx_word' id='word_1_45' title='bbox 496 782 538 838; x_wconf 92' lang='lat' dir='ltr'>sic</span> <span class='ocrx_word' id='word_1_46' title='bbox 561 779 658 838; x_wconf 89' lang='lat' dir='ltr'>odisse</span> <span class='ocrx_word' id='word_1_47' title='bbox 680 780 840 854; x_wconf 79' lang='lat' dir='ltr'>desineret,</span> <span class='ocrx_word' id='word_1_48' title='bbox 868 778 1021 855; x_wconf 88' lang='lat' dir='ltr'>quomodo</span> <span class='ocrx_word' id='word_1_49' title='bbox 1044 794 1157 855; x_wconf 87' lang='lat' dir='ltr'>parcere</span> 
     </span>
     <span class='ocr_line' id='line_1_8' title="bbox 146 867 1158 945; baseline -0.003 -16"><span class='ocrx_word' id='word_1_50' title='bbox 146 872 222 930; x_wconf 89' lang='lat' dir='ltr'>solet</span> <span class='ocrx_word' id='word_1_51' title='bbox 243 873 290 928; x_wconf 88' lang='lat' dir='ltr'>ira</span> <span class='ocrx_word' id='word_1_52' title='bbox 317 869 440 928; x_wconf 81' lang='lat' dir='ltr'>cedenti.</span> <span class='ocrx_word' id='word_1_53' title='bbox 486 888 545 927; x_wconf 91' lang='lat' dir='ltr'>non</span> <span class='ocrx_word' id='word_1_54' title='bbox 573 869 663 928; x_wconf 89' lang='lat' dir='ltr'>habet</span> <span class='ocrx_word' id='word_1_55' title='bbox 685 869 779 927; x_wconf 91' lang='lat' dir='ltr'>alium</span> <span class='ocrx_word' id='word_1_56' title='bbox 801 888 893 945; x_wconf 90' lang='lat' dir='ltr'>quam</span> <span class='ocrx_word' id='word_1_57' title='bbox 920 870 1029 927; x_wconf 90' lang='lat' dir='ltr'>mortis</span> <span class='ocrx_word' id='word_1_58' title='bbox 1053 867 1158 926; x_wconf 82' lang='lat' dir='ltr'>exitum</span> 
     </span>
     <span class='ocr_line' id='line_1_9' title="bbox 145 957 950 1034; baseline -0.004 -16"><span class='ocrx_word' id='word_1_59' title='bbox 145 960 225 1018; x_wconf 85' lang='lat' dir='ltr'>filius</span> <span class='ocrx_word' id='word_1_60' title='bbox 249 959 301 1034; x_wconf 92' lang='lat' dir='ltr'>qui</span> <span class='ocrx_word' id='word_1_61' title='bbox 323 976 376 1017; x_wconf 91' lang='lat' dir='ltr'>nee</span> <span class='ocrx_word' id='word_1_62' title='bbox 401 959 589 1017; x_wconf 81' lang='lat' dir='ltr'>reconciliari</span> <span class='ocrx_word' id='word_1_63' title='bbox 610 961 710 1034; x_wconf 87' lang='lat' dir='ltr'>potest</span> <span class='ocrx_word' id='word_1_64' title='bbox 732 977 786 1017; x_wconf 89' lang='lat' dir='ltr'>nec</span> <span class='ocrx_word' id='word_1_65' title='bbox 810 957 950 1016; x_wconf 85' lang='lat' dir='ltr'>abdicari.</span> 
     </span>
    </p>

    <p class='ocr_par' dir='ltr' id='par_1_3' title="bbox 110 1045 1185 2726">
     <span class='ocr_line' id='line_1_10' title="bbox 110 1045 1158 1123; baseline -0.003 -20"><span class='ocrx_word' id='word_1_66' title='bbox 110 1048 129 1103; x_wconf 84' lang='lat'>4</span> <span class='ocrx_word' id='word_1_67' title='bbox 215 1049 290 1106; x_wconf 87' lang='lat' dir='ltr'>Erat</span> <span class='ocrx_word' id='word_1_68' title='bbox 307 1050 340 1105; x_wconf 94' lang='lat' dir='ltr'>in</span> <span class='ocrx_word' id='word_1_69' title='bbox 358 1047 444 1106; x_wconf 94' lang='lat' dir='ltr'>domo</span> <span class='ocrx_word' id='word_1_70' title='bbox 463 1052 565 1106; x_wconf 89' lang='lat' dir='ltr'>nostra</span> <span class='ocrx_word' id='word_1_71' title='bbox 583 1049 675 1123; x_wconf 90' lang='lat' dir='ltr'>locus,</span> <span class='ocrx_word' id='word_1_72' title='bbox 698 1050 730 1105; x_wconf 91' lang='lat' dir='ltr'>in</span> <span class='ocrx_word' id='word_1_73' title='bbox 749 1066 837 1123; x_wconf 89' lang='lat' dir='ltr'>quem</span> <span class='ocrx_word' id='word_1_74' title='bbox 854 1045 1030 1106; x_wconf 88' lang='lat' dir='ltr'>secedebam</span> <span class='ocrx_word' id='word_1_75' title='bbox 1050 1062 1158 1120; x_wconf 88' lang='lat' dir='ltr'>semper</span> 
     </span>
     <span class='ocr_line' id='line_1_11' title="bbox 146 1133 1185 1212; baseline -0.007 -16"><span class='ocrx_word' id='word_1_76' title='bbox 146 1157 221 1211; x_wconf 87' lang='lat' dir='ltr'>reus,</span> <span class='ocrx_word' id='word_1_77' title='bbox 244 1140 276 1195; x_wconf 90' lang='lat' dir='ltr'>in</span> <span class='ocrx_word' id='word_1_78' title='bbox 300 1156 388 1212; x_wconf 91' lang='lat' dir='ltr'>quem</span> <span class='ocrx_word' id='word_1_79' title='bbox 405 1136 576 1195; x_wconf 86' lang='lat' dir='ltr'>revertebar</span> <span class='ocrx_word' id='word_1_80' title='bbox 593 1136 755 1210; x_wconf 90' lang='lat' dir='ltr'>absolutus,</span> <span class='ocrx_word' id='word_1_81' title='bbox 779 1136 907 1211; x_wconf 88' lang='lat' dir='ltr'>querelis</span> <span class='ocrx_word' id='word_1_82' title='bbox 925 1136 1001 1194; x_wconf 87' lang='lat' dir='ltr'>meis</span> <span class='ocrx_word' id='word_1_83' title='bbox 1019 1133 1156 1193; x_wconf 88' lang='lat' dir='ltr'>lacrimis·</span> <span class='ocrx_word' id='word_1_84' title='bbox 1168 1150 1185 1190; x_wconf 83' lang='lat' dir='ltr'>re</span> 
     </span>
     <span class='ocr_line' id='line_1_12' title="bbox 147 1225 1156 1302; baseline -0.002 -18"><span class='ocrx_word' id='word_1_85' title='bbox 147 1247 203 1302; x_wconf 88' lang='lat' dir='ltr'>que</span> <span class='ocrx_word' id='word_1_86' title='bbox 226 1228 287 1284; x_wconf 89' lang='lat' dir='ltr'>iam</span> <span class='ocrx_word' id='word_1_87' title='bbox 310 1226 451 1299; x_wconf 69' lang='lat' dir='ltr'>conscius</span> <span class='ocrx_word' id='word_1_88' title='bbox 474 1227 506 1283; x_wconf 92' lang='lat' dir='ltr'>in</span> <span class='ocrx_word' id='word_1_89' title='bbox 528 1244 617 1301; x_wconf 92' lang='lat' dir='ltr'>quem</span> <span class='ocrx_word' id='word_1_90' title='bbox 639 1243 670 1284; x_wconf 87' lang='lat' dir='ltr'>se</span> <span class='ocrx_word' id='word_1_91' title='bbox 693 1225 800 1283; x_wconf 85' lang='lat' dir='ltr'>ferant.</span> <span class='ocrx_word' id='word_1_92' title='bbox 836 1226 868 1282; x_wconf 91' lang='lat' dir='ltr'>in</span> <span class='ocrx_word' id='word_1_93' title='bbox 890 1226 980 1299; x_wconf 89' lang='lat' dir='ltr'>hunc,</span> <span class='ocrx_word' id='word_1_94' title='bbox 1003 1241 1065 1282; x_wconf 92' lang='lat' dir='ltr'>non</span> <span class='ocrx_word' id='word_1_95' title='bbox 1086 1226 1156 1282; x_wconf 84' lang='lat' dir='ltr'>tam·</span> 
     </span>
     <span class='ocr_line' id='line_1_13' title="bbox 148 1311 1156 1390; baseline -0.004 -18"><span class='ocrx_word' id='word_1_96' title='bbox 148 1335 236 1390; x_wconf 92' lang='lat' dir='ltr'>quam</span> <span class='ocrx_word' id='word_1_97' title='bbox 265 1315 415 1374; x_wconf 82' lang='lat' dir='ltr'>custodiae</span> <span class='ocrx_word' id='word_1_98' title='bbox 442 1317 537 1390; x_wconf 88' lang='lat' dir='ltr'>patris</span> <span class='ocrx_word' id='word_1_99' title='bbox 559 1316 746 1389; x_wconf 86' lang='lat' dir='ltr'>inponerem,</span> <span class='ocrx_word' id='word_1_100' title='bbox 773 1332 843 1372; x_wconf 90' lang='lat' dir='ltr'>nam</span> <span class='ocrx_word' id='word_1_101' title='bbox 866 1313 939 1389; x_wconf 90' lang='lat' dir='ltr'>quid</span> <span class='ocrx_word' id='word_1_102' title='bbox 961 1314 1060 1389; x_wconf 91' lang='lat' dir='ltr'>possit</span> <span class='ocrx_word' id='word_1_103' title='bbox 1082 1311 1156 1370; x_wconf 85' lang='lat' dir='ltr'>inve·</span> 
     </span>
     <span class='ocr_line' id='line_1_14' title="bbox 147 1402 1155 1479; baseline -0.002 -18"><span class='ocrx_word' id='word_1_104' title='bbox 147 1406 205 1461; x_wconf 89' lang='lat' dir='ltr'>niri</span> <span class='ocrx_word' id='word_1_105' title='bbox 228 1423 286 1478; x_wconf 93' lang='lat' dir='ltr'>quo</span> <span class='ocrx_word' id='word_1_106' title='bbox 310 1423 369 1462; x_wconf 91' lang='lat' dir='ltr'>non</span> <span class='ocrx_word' id='word_1_107' title='bbox 397 1422 443 1462; x_wconf 94' lang='lat' dir='ltr'>me</span> <span class='ocrx_word' id='word_1_108' title='bbox 466 1404 616 1479; x_wconf 88' lang='lat' dir='ltr'>captantis</span> <span class='ocrx_word' id='word_1_109' title='bbox 640 1403 755 1478; x_wconf 83' lang='lat' dir='ltr'>aliquid</span> <span class='ocrx_word' id='word_1_110' title='bbox 777 1402 996 1478; x_wconf 89' lang='lat' dir='ltr'>deprehendere</span> <span class='ocrx_word' id='word_1_111' title='bbox 1025 1419 1096 1461; x_wconf 86' lang='lat' dir='ltr'>cura</span> <span class='ocrx_word' id='word_1_112' title='bbox 1116 1418 1155 1459; x_wconf 81' lang='lat' dir='ltr'>se-</span> 
     </span>
     <span class='ocr_line' id='line_1_15' title="bbox 148 1491 1154 1568; baseline -0.003 -19"><span class='ocrx_word' id='word_1_113' title='bbox 148 1496 295 1568; x_wconf 88' lang='lat' dir='ltr'>queretur,</span> <span class='ocrx_word' id='word_1_114' title='bbox 318 1493 369 1550; x_wconf 90' lang='lat' dir='ltr'>sed</span> <span class='ocrx_word' id='word_1_115' title='bbox 393 1493 469 1550; x_wconf 90' lang='lat' dir='ltr'>sicut</span> <span class='ocrx_word' id='word_1_116' title='bbox 491 1492 589 1552; x_wconf 83' lang='lat' dir='ltr'>solent</span> <span class='ocrx_word' id='word_1_117' title='bbox 612 1492 664 1566; x_wconf 90' lang='lat' dir='ltr'>qui</span> <span class='ocrx_word' id='word_1_118' title='bbox 686 1493 795 1551; x_wconf 89' lang='lat' dir='ltr'>inmori</span> <span class='ocrx_word' id='word_1_119' title='bbox 818 1492 941 1566; x_wconf 73' lang='lat' dir='ltr'>volunt.</span> <span class='ocrx_word' id='word_1_120' title='bbox 956 1491 1080 1567; x_wconf 88' lang='lat' dir='ltr'>pudore,</span> <span class='ocrx_word' id='word_1_121' title='bbox 1102 1507 1154 1547; x_wconf 92' lang='lat' dir='ltr'>non</span> 
     </span>
     <span class='ocr_line' id='line_1_16' title="bbox 146 1581 1182 1657; baseline -0.004 -19"><span class='ocrx_word' id='word_1_122' title='bbox 146 1584 200 1654; x_wconf 89' lang='lat' dir='ltr'>ira,</span> <span class='ocrx_word' id='word_1_123' title='bbox 224 1582 261 1639; x_wconf 88' lang='lat' dir='ltr'>ab</span> <span class='ocrx_word' id='word_1_124' title='bbox 285 1583 420 1641; x_wconf 90' lang='lat' dir='ltr'>omnibus</span> <span class='ocrx_word' id='word_1_125' title='bbox 444 1600 520 1657; x_wconf 91' lang='lat' dir='ltr'>quae</span> <span class='ocrx_word' id='word_1_126' title='bbox 542 1581 720 1640; x_wconf 80' lang='lat' dir='ltr'>videbantur</span> <span class='ocrx_word' id='word_1_127' title='bbox 743 1584 913 1656; x_wconf 88' lang='lat' dir='ltr'>avocatura,</span> <span class='ocrx_word' id='word_1_128' title='bbox 936 1581 1052 1639; x_wconf 88' lang='lat' dir='ltr'>secessi.</span> <span class='ocrx_word' id='word_1_129' title='bbox 1092 1593 1182 1637; x_wconf 80' lang='lat' dir='ltr'>name</span> 
     </span>
     <span class='ocr_line' id='line_1_17' title="bbox 147 1670 1154 1748; baseline -0.004 -20"><span class='ocrx_word' id='word_1_130' title='bbox 147 1690 200 1728; x_wconf 89' lang='lat' dir='ltr'>nec</span> <span class='ocrx_word' id='word_1_131' title='bbox 227 1672 381 1746; x_wconf 82' lang='lat' dir='ltr'>placuerat</span> <span class='ocrx_word' id='word_1_132' title='bbox 413 1672 509 1729; x_wconf 80' lang='lat' dir='ltr'>exitus</span> <span class='ocrx_word' id='word_1_133' title='bbox 537 1689 630 1748; x_wconf 84' lang='lat' dir='ltr'>genus</span> <span class='ocrx_word' id='word_1_134' title='bbox 663 1671 833 1745; x_wconf 89' lang='lat' dir='ltr'>querulum,</span> <span class='ocrx_word' id='word_1_135' title='bbox 863 1670 1085 1728; x_wconf 89' lang='lat' dir='ltr'>tumultuosum</span> <span class='ocrx_word' id='word_1_136' title='bbox 1108 1670 1154 1725; x_wconf 89' lang='lat' dir='ltr'>aut</span> 
     </span>
     <span class='ocr_line' id='line_1_18' title="bbox 148 1755 1154 1835; baseline -0.001 -18"><span class='ocrx_word' id='word_1_137' title='bbox 148 1760 226 1835; x_wconf 93' lang='lat' dir='ltr'>quod</span> <span class='ocrx_word' id='word_1_138' title='bbox 249 1761 359 1818; x_wconf 86' lang='lat' dir='ltr'>faceret</span> <span class='ocrx_word' id='word_1_139' title='bbox 381 1760 532 1818; x_wconf 83' lang='lat' dir='ltr'>invidiam.</span> <span class='ocrx_word' id='word_1_140' title='bbox 579 1758 630 1818; x_wconf 90' lang='lat' dir='ltr'>sed</span> <span class='ocrx_word' id='word_1_141' title='bbox 654 1759 727 1835; x_wconf 89' lang='lat' dir='ltr'>quid</span> <span class='ocrx_word' id='word_1_142' title='bbox 749 1759 823 1817; x_wconf 91' lang='lat' dir='ltr'>mihi</span> <span class='ocrx_word' id='word_1_143' title='bbox 845 1761 945 1817; x_wconf 90' lang='lat' dir='ltr'>tecum</span> <span class='ocrx_word' id='word_1_144' title='bbox 970 1759 1018 1817; x_wconf 90' lang='lat' dir='ltr'>est</span> <span class='ocrx_word' id='word_1_145' title='bbox 1040 1755 1154 1834; x_wconf 80' lang='lat' dir='ltr'>integri·</span> 
     </span>
     <span class='ocr_line' id='line_1_19' title="bbox 147 1844 1152 1925; baseline -0.004 -18"><span class='ocrx_word' id='word_1_146' title='bbox 147 1849 219 1907; x_wconf 89' lang='lat' dir='ltr'>tatis</span> <span class='ocrx_word' id='word_1_147' title='bbox 247 1850 339 1907; x_wconf 91' lang='lat' dir='ltr'>nimia</span> <span class='ocrx_word' id='word_1_148' title='bbox 367 1847 565 1924; x_wconf 83' lang='lat' dir='ltr'>simplicitas?</span> <span class='ocrx_word' id='word_1_149' title='bbox 609 1866 670 1906; x_wconf 88' lang='lat' dir='ltr'>non</span> <span class='ocrx_word' id='word_1_150' title='bbox 691 1851 779 1925; x_wconf 88' lang='lat' dir='ltr'>putat</span> <span class='ocrx_word' id='word_1_151' title='bbox 801 1867 832 1906; x_wconf 90' lang='lat' dir='ltr'>se</span> <span class='ocrx_word' id='word_1_152' title='bbox 860 1865 946 1923; x_wconf 88' lang='lat' dir='ltr'>posse</span> <span class='ocrx_word' id='word_1_153' title='bbox 972 1844 1152 1922; x_wconf 83' lang='lat' dir='ltr'>deprehendi,</span> 
     </span>
     <span class='ocr_line' id='line_1_20' title="bbox 148 1936 1152 2014; baseline -0.002 -19"><span class='ocrx_word' id='word_1_154' title='bbox 148 1939 281 2014; x_wconf 87' lang='lat' dir='ltr'>quisquis</span> <span class='ocrx_word' id='word_1_155' title='bbox 300 1958 446 1996; x_wconf 84' lang='lat' dir='ltr'>venenum</span> <span class='ocrx_word' id='word_1_156' title='bbox 469 1940 557 2012; x_wconf 90' lang='lat' dir='ltr'>parat</span> <span class='ocrx_word' id='word_1_157' title='bbox 577 1938 640 2012; x_wconf 91' lang='lat' dir='ltr'>ipse</span> <span class='ocrx_word' id='word_1_158' title='bbox 663 1939 796 2012; x_wconf 89' lang='lat' dir='ltr'>poturus.</span> <span class='ocrx_word' id='word_1_159' title='bbox 833 1937 1031 1995; x_wconf 65' lang='lat' dir='ltr'>totus&#39;oeulis</span> <span class='ocrx_word' id='word_1_160' title='bbox 1049 1936 1152 1994; x_wconf 87' lang='lat' dir='ltr'>anime·</span> 
     </span>
     <span class='ocr_line' id='line_1_21' title="bbox 148 2023 1179 2102; baseline -0.008 -16"><span class='ocrx_word' id='word_1_161' title='bbox 148 2048 204 2102; x_wconf 93' lang='lat' dir='ltr'>que</span> <span class='ocrx_word' id='word_1_162' title='bbox 228 2046 385 2086; x_wconf 77' lang='lat' dir='ltr'>conversus</span> <span class='ocrx_word' id='word_1_163' title='bbox 408 2026 567 2085; x_wconf 87' lang='lat' dir='ltr'>haerebam</span> <span class='ocrx_word' id='word_1_164' title='bbox 589 2027 679 2085; x_wconf 89' lang='lat' dir='ltr'>miser</span> <span class='ocrx_word' id='word_1_165' title='bbox 697 2026 728 2083; x_wconf 92' lang='lat' dir='ltr'>in</span> <span class='ocrx_word' id='word_1_166' title='bbox 746 2044 833 2100; x_wconf 90' lang='lat' dir='ltr'>opere</span> <span class='ocrx_word' id='word_1_167' title='bbox 850 2024 1009 2099; x_wconf 89' lang='lat' dir='ltr'>moriendi,</span> <span class='ocrx_word' id='word_1_168' title='bbox 1032 2043 1084 2084; x_wconf 90' lang='lat' dir='ltr'>nec</span> <span class='ocrx_word' id='word_1_169' title='bbox 1101 2023 1179 2081; x_wconf 78' lang='lat' dir='ltr'>dis-e</span> 
     </span>
     <span class='ocr_line' id='line_1_22' title="bbox 148 2114 1151 2191; baseline -0.004 -17"><span class='ocrx_word' id='word_1_170' title='bbox 148 2117 263 2190; x_wconf 88' lang='lat' dir='ltr'>simulo,</span> <span class='ocrx_word' id='word_1_171' title='bbox 287 2135 355 2174; x_wconf 92' lang='lat' dir='ltr'>eum</span> <span class='ocrx_word' id='word_1_172' title='bbox 373 2115 502 2191; x_wconf 87' lang='lat' dir='ltr'>quadam</span> <span class='ocrx_word' id='word_1_173' title='bbox 520 2116 723 2187; x_wconf 85' lang='lat' dir='ltr'>cunctatione,</span> <span class='ocrx_word' id='word_1_174' title='bbox 749 2134 816 2173; x_wconf 91' lang='lat' dir='ltr'>eum</span> <span class='ocrx_word' id='word_1_175' title='bbox 838 2132 932 2189; x_wconf 92' lang='lat' dir='ltr'>mora,</span> <span class='ocrx_word' id='word_1_176' title='bbox 954 2114 1048 2173; x_wconf 82' lang='lat' dir='ltr'>sicuti</span> <span class='ocrx_word' id='word_1_177' title='bbox 1068 2114 1151 2172; x_wconf 89' lang='lat' dir='ltr'>bonae</span> 
     </span>
     <span class='ocr_line' id='line_1_23' title="bbox 149 2202 1151 2279; baseline -0.007 -15"><span class='ocrx_word' id='word_1_178' title='bbox 149 2207 345 2264; x_wconf 91' lang='lat' dir='ltr'>conscientiae</span> <span class='ocrx_word' id='word_1_179' title='bbox 367 2206 449 2263; x_wconf 91' lang='lat' dir='ltr'>lenta</span> <span class='ocrx_word' id='word_1_180' title='bbox 467 2223 555 2277; x_wconf 91' lang='lat' dir='ltr'>mors,</span> <span class='ocrx_word' id='word_1_181' title='bbox 579 2223 632 2262; x_wconf 90' lang='lat' dir='ltr'>nec</span> <span class='ocrx_word' id='word_1_182' title='bbox 654 2204 812 2279; x_wconf 88' lang='lat' dir='ltr'>praecipiti</span> <span class='ocrx_word' id='word_1_183' title='bbox 834 2222 888 2278; x_wconf 90' lang='lat' dir='ltr'>per</span> <span class='ocrx_word' id='word_1_184' title='bbox 906 2222 1049 2279; x_wconf 87' lang='lat' dir='ltr'>suprema</span> <span class='ocrx_word' id='word_1_185' title='bbox 1070 2202 1151 2277; x_wconf 90' lang='lat' dir='ltr'>trepi-</span> 
     </span>
     <span class='ocr_line' id='line_1_24' title="bbox 148 2291 1150 2368; baseline -0.002 -16"><span class='ocrx_word' id='word_1_186' title='bbox 148 2296 267 2353; x_wconf 87' lang='lat' dir='ltr'>datione</span> <span class='ocrx_word' id='word_1_187' title='bbox 290 2295 447 2366; x_wconf 88' lang='lat' dir='ltr'>festinant,</span> <span class='ocrx_word' id='word_1_188' title='bbox 470 2312 544 2368; x_wconf 91' lang='lat' dir='ltr'>quos</span> <span class='ocrx_word' id='word_1_189' title='bbox 566 2293 622 2351; x_wconf 93' lang='lat' dir='ltr'>hoc</span> <span class='ocrx_word' id='word_1_190' title='bbox 644 2293 740 2352; x_wconf 88' lang='lat' dir='ltr'>solum</span> <span class='ocrx_word' id='word_1_191' title='bbox 763 2291 842 2368; x_wconf 93' lang='lat' dir='ltr'>quod</span> <span class='ocrx_word' id='word_1_192' title='bbox 864 2293 911 2350; x_wconf 91' lang='lat' dir='ltr'>sui</span> <span class='ocrx_word' id='word_1_193' title='bbox 934 2292 1091 2365; x_wconf 90' lang='lat' dir='ltr'>miserent,</span> <span class='ocrx_word' id='word_1_194' title='bbox 1113 2306 1150 2349; x_wconf 86' lang='lat' dir='ltr'>oe·</span> 
     </span>
     <span class='ocr_line' id='line_1_25' title="bbox 149 2381 1150 2457; baseline -0.005 -15"><span class='ocrx_word' id='word_1_195' title='bbox 149 2385 228 2442; x_wconf 85' lang='lat' dir='ltr'>cidit.</span> <span class='ocrx_word' id='word_1_196' title='bbox 267 2382 342 2440; x_wconf 90' lang='lat' dir='ltr'>abiit</span> <span class='ocrx_word' id='word_1_197' title='bbox 364 2402 417 2457; x_wconf 92' lang='lat' dir='ltr'>per</span> <span class='ocrx_word' id='word_1_198' title='bbox 439 2384 546 2440; x_wconf 88' lang='lat' dir='ltr'>tacitas</span> <span class='ocrx_word' id='word_1_199' title='bbox 570 2383 794 2457; x_wconf 87' lang='lat' dir='ltr'>conquestiones</span> <span class='ocrx_word' id='word_1_200' title='bbox 816 2399 899 2439; x_wconf 87' lang='lat' dir='ltr'>mens</span> <span class='ocrx_word' id='word_1_201' title='bbox 922 2383 955 2439; x_wconf 90' lang='lat' dir='ltr'>in</span> <span class='ocrx_word' id='word_1_202' title='bbox 975 2381 1077 2440; x_wconf 90' lang='lat' dir='ltr'>obitus</span> <span class='ocrx_word' id='word_1_203' title='bbox 1094 2398 1150 2439; x_wconf 80' lang='lat' dir='ltr'>eon</span> 
     </span>
     <span class='ocr_line' id='line_1_26' title="bbox 148 2471 1175 2547; baseline -0.005 -17"><span class='ocrx_word' id='word_1_204' title='bbox 148 2473 342 2547; x_wconf 89' lang='lat' dir='ltr'>templatione</span> <span class='ocrx_word' id='word_1_205' title='bbox 365 2473 473 2546; x_wconf 90' lang='lat' dir='ltr'>posita,</span> <span class='ocrx_word' id='word_1_206' title='bbox 496 2474 527 2529; x_wconf 89' lang='lat' dir='ltr'>et</span> <span class='ocrx_word' id='word_1_207' title='bbox 548 2471 694 2530; x_wconf 90' lang='lat' dir='ltr'>hausurus</span> <span class='ocrx_word' id='word_1_208' title='bbox 712 2471 864 2546; x_wconf 90' lang='lat' dir='ltr'>potionem</span> <span class='ocrx_word' id='word_1_209' title='bbox 881 2488 942 2545; x_wconf 91' lang='lat' dir='ltr'>qua</span> <span class='ocrx_word' id='word_1_210' title='bbox 959 2472 1175 2530; x_wconf 74' lang='lat' dir='ltr'>renuntiarent</span> 
     </span>
     <span class='ocr_line' id='line_1_27' title="bbox 148 2559 1151 2636; baseline -0.004 -18"><span class='ocrx_word' id='word_1_211' title='bbox 148 2563 235 2620; x_wconf 90' lang='lat' dir='ltr'>rebus</span> <span class='ocrx_word' id='word_1_212' title='bbox 258 2561 409 2633; x_wconf 91' lang='lat' dir='ltr'>humanis,</span> <span class='ocrx_word' id='word_1_213' title='bbox 432 2562 527 2618; x_wconf 87' lang='lat' dir='ltr'>totam</span> <span class='ocrx_word' id='word_1_214' title='bbox 551 2559 630 2636; x_wconf 88' lang='lat' dir='ltr'>apud</span> <span class='ocrx_word' id='word_1_215' title='bbox 652 2579 683 2618; x_wconf 93' lang='lat' dir='ltr'>se</span> <span class='ocrx_word' id='word_1_216' title='bbox 705 2559 859 2635; x_wconf 88' lang='lat' dir='ltr'>repetebat</span> <span class='ocrx_word' id='word_1_217' title='bbox 882 2560 1002 2619; x_wconf 88' lang='lat' dir='ltr'>animus</span> <span class='ocrx_word' id='word_1_218' title='bbox 1026 2562 1151 2619; x_wconf 88' lang='lat' dir='ltr'>innoeen-</span> 
     </span>
     <span class='ocr_line' id='line_1_28' title="bbox 149 2648 1153 2726; baseline -0.003 -18"><span class='ocrx_word' id='word_1_219' title='bbox 149 2652 222 2709; x_wconf 89' lang='lat' dir='ltr'>tiam</span> <span class='ocrx_word' id='word_1_220' title='bbox 250 2669 347 2724; x_wconf 88' lang='lat' dir='ltr'>suam,</span> <span class='ocrx_word' id='word_1_221' title='bbox 380 2668 447 2708; x_wconf 90' lang='lat' dir='ltr'>cum</span> <span class='ocrx_word' id='word_1_222' title='bbox 474 2652 561 2726; x_wconf 86' lang='lat' dir='ltr'>pater</span> <span class='ocrx_word' id='word_1_223' title='bbox 588 2652 733 2707; x_wconf 89' lang='lat' dir='ltr'>secretum</span> <span class='ocrx_word' id='word_1_224' title='bbox 761 2648 840 2724; x_wconf 91' lang='lat' dir='ltr'>quod</span> <span class='ocrx_word' id='word_1_225' title='bbox 867 2667 921 2724; x_wconf 90' lang='lat' dir='ltr'>per</span> <span class='ocrx_word' id='word_1_226' title='bbox 950 2648 1153 2723; x_wconf 81' lang='lat' dir='ltr'>inpatientiam</span> 
     </span>
    </p>
   </div>
   <div class='ocr_carea' id='block_1_3' title="bbox 148 2799 1158 3032">
    <p class='ocr_par' dir='ltr' id='par_1_4' title="bbox 148 2799 1158 3032">
     <span class='ocr_line' id='line_1_29' title="bbox 222 2799 1154 2893; baseline -0.001 -21"><span class='ocrx_word' id='word_1_227' title='bbox 222 2827 235 2872; x_wconf 94' lang='lat'>1</span> <span class='ocrx_word' id='word_1_228' title='bbox 255 2813 395 2893; x_wconf 62' lang='lat' dir='ltr'>miseritus</span> <span class='ocrx_word' id='word_1_229' title='bbox 414 2821 455 2874; x_wconf 83' lang='lat' dir='ltr'>bis</span> <span class='ocrx_word' id='word_1_230' title='bbox 473 2828 511 2884; x_wconf 83' lang='grc' dir='ltr'>Β;</span> <span class='ocrx_word' id='word_1_231' title='bbox 531 2819 660 2872; x_wconf 89' lang='lat' dir='ltr'>misertus</span> <span class='ocrx_word' id='word_1_232' title='bbox 679 2827 734 2881; x_wconf 68' lang='lat' dir='ltr'>Vel</span> <span class='ocrx_word' id='word_1_233' title='bbox 785 2799 869 2892; x_wconf 58' lang='lat' dir='ltr'>pilus</span> <span class='ocrx_word' id='word_1_234' title='bbox 887 2826 916 2870; x_wconf 99' lang='grc' dir='ltr'><em>Β</em></span> <span class='ocrx_word' id='word_1_235' title='bbox 933 2820 1015 2886; x_wconf 84' lang='lat' dir='ltr'>(cerr.</span> <span class='ocrx_word' id='word_1_236' title='bbox 1031 2822 1072 2888; x_wconf 75' lang='grc' dir='ltr'>ι);</span> <span class='ocrx_word' id='word_1_237' title='bbox 1089 2815 1154 2887; x_wconf 83' lang='lat' dir='ltr'>patri</span> 
     </span>
     <span class='ocr_line' id='line_1_30' title="bbox 150 2889 1154 2959; baseline -0.005 -16"><span class='ocrx_word' id='word_1_238' title='bbox 150 2899 181 2943; x_wconf 78' lang='grc' dir='ltr'><em>Β</em></span> <span class='ocrx_word' id='word_1_239' title='bbox 214 2892 373 2959; x_wconf 89' lang='lat' dir='ltr'>prospicere</span> <span class='ocrx_word' id='word_1_240' title='bbox 387 2899 415 2942; x_wconf 91' lang='grc' dir='ltr'><em>Β</em></span> <span class='ocrx_word' id='word_1_241' title='bbox 450 2889 550 2942; x_wconf 72' lang='lat' dir='ltr'>‘avita&#39;</span> <span class='ocrx_word' id='word_1_242' title='bbox 565 2899 587 2941; x_wconf 72' lang='lat' dir='ltr'>r</span> <span class='ocrx_word' id='word_1_243' title='bbox 618 2890 706 2942; x_wconf 86' lang='lat' dir='ltr'>vitare</span> <span class='ocrx_word' id='word_1_244' title='bbox 723 2889 786 2942; x_wconf 83' lang='lat' dir='ltr'>odd.</span> <span class='ocrx_word' id='word_1_245' title='bbox 801 2889 880 2943; x_wconf 81' lang='lat' dir='ltr'>Dese.</span> <span class='ocrx_word' id='word_1_246' title='bbox 892 2905 921 2956; x_wconf 83' lang='lat' dir='ltr'>p.</span> <span class='ocrx_word' id='word_1_247' title='bbox 934 2892 972 2943; x_wconf 85' lang='grc'>87</span> <span class='ocrx_word' id='word_1_248' title='bbox 1011 2896 1154 2944; x_wconf 85' lang='lat' dir='ltr'>3omnen:</span> 
     </span>
     <span class='ocr_line' id='line_1_31' title="bbox 148 2960 1158 3032; baseline -0.002 -18"><span class='ocrx_word' id='word_1_249' title='bbox 148 2962 290 3015; x_wconf 91' lang='lat' dir='ltr'>hominem</span> <span class='ocrx_word' id='word_1_250' title='bbox 304 2971 342 3028; x_wconf 85' lang='grc' dir='ltr'>Β;</span> <span class='ocrx_word' id='word_1_251' title='bbox 360 2962 481 3016; x_wconf 86' lang='lat' dir='ltr'>hominis</span> <span class='ocrx_word' id='word_1_252' title='bbox 496 2971 524 3026; x_wconf 76' lang='lat'>1&#39;3</span> <span class='ocrx_word' id='word_1_253' title='bbox 543 2960 664 3013; x_wconf 91' lang='lat' dir='ltr'>hominis</span> <span class='ocrx_word' id='word_1_254' title='bbox 683 2975 793 3013; x_wconf 90' lang='lat' dir='ltr'>omnem</span> <span class='ocrx_word' id='word_1_255' title='bbox 807 2961 885 3014; x_wconf 82' lang='lat' dir='ltr'>Deae.</span> <span class='ocrx_word' id='word_1_256' title='bbox 951 2965 968 3013; x_wconf 84' lang='grc'>6</span> <span class='ocrx_word' id='word_1_257' title='bbox 987 2962 1121 3032; x_wconf 69' lang='lat' dir='ltr'>parcere}</span> <span class='ocrx_word' id='word_1_258' title='bbox 1133 2966 1158 3012; x_wconf 84' lang='grc' dir='ltr'>Ι</span> 
     </span>
    </p>
   </div>
   <div class='ocr_carea' id='block_1_4' title="bbox 149 3050 1160 3514">
    <p class='ocr_par' dir='ltr' id='par_1_5' title="bbox 149 3050 1160 3514">
     <span class='ocr_line' id='line_1_32' title="bbox 151 3050 1157 3158; baseline -0.003 -20"><span class='ocrx_word' id='word_1_259' title='bbox 151 3086 309 3139; x_wconf 74' lang='lat' dir='ltr'>tredentis</span> <span class='ocrx_word' id='word_1_260' title='bbox 325 3107 342 3138; x_wconf 88' lang='grc' dir='ltr'><strong><em>α</em></strong></span> <span class='ocrx_word' id='word_1_261' title='bbox 388 3050 595 3158; x_wconf 56' lang='lat' dir='ltr'>erecoileiliori</span> <span class='ocrx_word' id='word_1_262' title='bbox 610 3094 638 3137; x_wconf 91' lang='grc' dir='ltr'><em>Β</em></span> <span class='ocrx_word' id='word_1_263' title='bbox 682 3089 716 3137; x_wconf 90' lang='grc'>10</span> <span class='ocrx_word' id='word_1_264' title='bbox 735 3083 1084 3153; x_wconf 88' lang='lat' dir='ltr'>querelis—imponerem</span> <span class='ocrx_word' id='word_1_265' title='bbox 1101 3085 1157 3138; x_wconf 64' lang='grc'>111</span> 
     </span>
     <span class='ocr_line' id='line_1_33' title="bbox 149 3154 1157 3226; baseline -0.003 -15"><span class='ocrx_word' id='word_1_266' title='bbox 149 3175 198 3211; x_wconf 83' lang='lat' dir='ltr'>om.</span> <span class='ocrx_word' id='word_1_267' title='bbox 216 3167 247 3209; x_wconf 85' lang='grc' dir='ltr'><em>Β</em></span> <span class='ocrx_word' id='word_1_268' title='bbox 324 3163 389 3226; x_wconf 85' lang='lat' dir='ltr'>post</span> <span class='ocrx_word' id='word_1_269' title='bbox 406 3156 550 3209; x_wconf 86' lang='lat' dir='ltr'>absolutus</span> <span class='ocrx_word' id='word_1_270' title='bbox 569 3156 634 3210; x_wconf 82' lang='lat' dir='ltr'>add.</span> <span class='ocrx_word' id='word_1_271' title='bbox 649 3172 712 3209; x_wconf 89' lang='lat' dir='ltr'>reue</span> <span class='ocrx_word' id='word_1_272' title='bbox 731 3168 776 3219; x_wconf 72' lang='grc' dir='ltr'>αβι</span> <span class='ocrx_word' id='word_1_273' title='bbox 849 3154 946 3224; x_wconf 79' lang='lat' dir='ltr'>qrellie</span> <span class='ocrx_word' id='word_1_274' title='bbox 964 3163 994 3208; x_wconf 81' lang='grc' dir='ltr'><em>Β</em></span> <span class='ocrx_word' id='word_1_275' title='bbox 1076 3163 1106 3210; x_wconf 89' lang='grc'>11</span> <span class='ocrx_word' id='word_1_276' title='bbox 1125 3168 1157 3208; x_wconf 75' lang='lat' dir='ltr'>aet</span> 
     </span>
     <span class='ocr_line' id='line_1_34' title="bbox 150 3227 1160 3296; baseline -0.003 -14"><span class='ocrx_word' id='word_1_277' title='bbox 150 3228 302 3282; x_wconf 86' lang='lat' dir='ltr'>consciis?</span> <span class='ocrx_word' id='word_1_278' title='bbox 352 3234 385 3280; x_wconf 82' lang='lat'>12</span> <span class='ocrx_word' id='word_1_279' title='bbox 404 3229 547 3296; x_wconf 88' lang='lat' dir='ltr'>imponere</span> <span class='ocrx_word' id='word_1_280' title='bbox 566 3241 600 3292; x_wconf 76' lang='lat' dir='ltr'>ae</span> <span class='ocrx_word' id='word_1_281' title='bbox 654 3227 841 3295; x_wconf 58' lang='lat' dir='ltr'>quinarem.</span> <span class='ocrx_word' id='word_1_282' title='bbox 855 3248 888 3279; x_wconf 75' lang='lat' dir='ltr'>m</span> <span class='ocrx_word' id='word_1_283' title='bbox 943 3232 976 3279; x_wconf 83' lang='grc'>13</span> <span class='ocrx_word' id='word_1_284' title='bbox 996 3244 1106 3283; x_wconf 74' lang='lat' dir='ltr'>mecm.</span> <span class='ocrx_word' id='word_1_285' title='bbox 1120 3234 1160 3279; x_wconf 72' lang='lat' dir='ltr'>td</span> 
     </span>
     <span class='ocr_line' id='line_1_35' title="bbox 151 3299 1114 3365; baseline 0.001 -13"><span class='ocrx_word' id='word_1_286' title='bbox 151 3306 184 3352; x_wconf 84' lang='lat'>14</span> <span class='ocrx_word' id='word_1_287' title='bbox 204 3301 288 3352; x_wconf 90' lang='lat' dir='ltr'>sicut:</span> <span class='ocrx_word' id='word_1_288' title='bbox 309 3300 332 3352; x_wconf 88' lang='lat' dir='ltr'>si</span> <span class='ocrx_word' id='word_1_289' title='bbox 352 3300 450 3352; x_wconf 89' lang='lat' dir='ltr'>dieunt</span> <span class='ocrx_word' id='word_1_290' title='bbox 467 3309 526 3365; x_wconf 71' lang='lat'><em>151’3</em></span> <span class='ocrx_word' id='word_1_291' title='bbox 547 3299 630 3352; x_wconf 90' lang='lat' dir='ltr'>sicuti</span> <span class='ocrx_word' id='word_1_292' title='bbox 648 3307 680 3351; x_wconf 81' lang='lat' dir='ltr'><em>M</em></span> <span class='ocrx_word' id='word_1_293' title='bbox 736 3299 806 3351; x_wconf 87' lang='lat' dir='ltr'>mori</span> <span class='ocrx_word' id='word_1_294' title='bbox 824 3307 857 3351; x_wconf 80' lang='lat' dir='ltr'><em>M</em></span> <span class='ocrx_word' id='word_1_295' title='bbox 917 3303 950 3353; x_wconf 78' lang='lat'>19</span> <span class='ocrx_word' id='word_1_296' title='bbox 969 3299 1069 3353; x_wconf 82' lang='lat' dir='ltr'>oculus</span> <span class='ocrx_word' id='word_1_297' title='bbox 1088 3305 1114 3352; x_wconf 88' lang='grc' dir='ltr'><em>Β</em></span> 
     </span>
     <span class='ocr_line' id='line_1_36' title="bbox 150 3369 1158 3441; baseline -0.003 -18"><span class='ocrx_word' id='word_1_298' title='bbox 150 3372 387 3441; x_wconf 76' lang='lat' dir='ltr'>21quandam15</span> <span class='ocrx_word' id='word_1_299' title='bbox 474 3370 548 3424; x_wconf 91' lang='lat' dir='ltr'>bona</span> <span class='ocrx_word' id='word_1_300' title='bbox 567 3373 596 3424; x_wconf 90' lang='lat' dir='ltr'>et</span> <span class='ocrx_word' id='word_1_301' title='bbox 613 3378 674 3437; x_wconf 69' lang='lat' dir='ltr'>BV,</span> <span class='ocrx_word' id='word_1_302' title='bbox 692 3369 765 3423; x_wconf 94' lang='lat' dir='ltr'>bone</span> <span class='ocrx_word' id='word_1_303' title='bbox 783 3386 834 3423; x_wconf 86' lang='lat' dir='ltr'>om.</span> <span class='ocrx_word' id='word_1_304' title='bbox 850 3378 888 3436; x_wconf 69' lang='grc' dir='ltr'>Β,</span> <span class='ocrx_word' id='word_1_305' title='bbox 906 3385 982 3439; x_wconf 68' lang='lat' dir='ltr'>supa</span> <span class='ocrx_word' id='word_1_306' title='bbox 998 3391 1031 3422; x_wconf 75' lang='lat' dir='ltr'>m</span> <span class='ocrx_word' id='word_1_307' title='bbox 1048 3376 1074 3425; x_wconf 77' lang='lat' dir='ltr'>et</span> <span class='ocrx_word' id='word_1_308' title='bbox 1090 3388 1109 3439; x_wconf 91' lang='lat' dir='ltr'>p</span> <span class='ocrx_word' id='word_1_309' title='bbox 1126 3385 1158 3422; x_wconf 84' lang='lat' dir='ltr'>er.</span> 
     </span>
     <span class='ocr_line' id='line_1_37' title="bbox 151 3440 1160 3514; baseline -0.002 -19"><span class='ocrx_word' id='word_1_310' title='bbox 151 3448 183 3495; x_wconf 92' lang='grc'>11</span> <span class='ocrx_word' id='word_1_311' title='bbox 203 3443 290 3514; x_wconf 66' lang='lat' dir='ltr'>motrs</span> <span class='ocrx_word' id='word_1_312' title='bbox 308 3452 337 3496; x_wconf 98' lang='grc' dir='ltr'><em>Β</em></span> <span class='ocrx_word' id='word_1_313' title='bbox 389 3447 423 3494; x_wconf 86' lang='grc'>13</span> <span class='ocrx_word' id='word_1_314' title='bbox 442 3441 608 3495; x_wconf 87' lang='lat' dir='ltr'>miserentur</span> <span class='ocrx_word' id='word_1_315' title='bbox 621 3450 654 3494; x_wconf 77' lang='grc' dir='ltr'><em>Β</em></span> <span class='ocrx_word' id='word_1_316' title='bbox 706 3446 739 3493; x_wconf 87' lang='grc'>14</span> <span class='ocrx_word' id='word_1_317' title='bbox 758 3440 938 3510; x_wconf 78' lang='lat' dir='ltr'>conpletione</span> <span class='ocrx_word' id='word_1_318' title='bbox 952 3449 981 3493; x_wconf 99' lang='grc' dir='ltr'><em>Β</em></span> <span class='ocrx_word' id='word_1_319' title='bbox 1034 3446 1069 3495; x_wconf 75' lang='grc'>16</span> <span class='ocrx_word' id='word_1_320' title='bbox 1083 3456 1160 3494; x_wconf 85' lang='lat' dir='ltr'>ausu·</span> 
     </span>
    </p>
   </div>
   <div class='ocr_carea' id='block_1_5' title="bbox 138 3531 1092 3615">
    <p class='ocr_par' dir='ltr' id='par_1_6' title="bbox 138 3531 1092 3615">
     <span class='ocr_line' id='line_1_38' title="bbox 138 3531 1092 3615; baseline -0.001 -11"><span class='ocrx_word' id='word_1_321' title='bbox 138 3567 190 3605; x_wconf 82' lang='lat' dir='ltr'>rus</span> <span class='ocrx_word' id='word_1_322' title='bbox 209 3573 228 3604; x_wconf 80' lang='lat' dir='ltr'>a</span> <span class='ocrx_word' id='word_1_323' title='bbox 301 3531 500 3608; x_wconf 70' lang='lat' dir='ltr'>renduciarem</span> <span class='ocrx_word' id='word_1_324' title='bbox 520 3559 544 3603; x_wconf 91' lang='grc' dir='ltr'><em>Β</em></span> <span class='ocrx_word' id='word_1_325' title='bbox 613 3553 650 3601; x_wconf 74' lang='lat' dir='ltr'>ht</span> <span class='ocrx_word' id='word_1_326' title='bbox 665 3548 794 3599; x_wconf 73' lang='lat' dir='ltr'>toturnv</span> <span class='ocrx_word' id='word_1_327' title='bbox 860 3548 1016 3615; x_wconf 81' lang='lat' dir='ltr'>reputabat</span> <span class='ocrx_word' id='word_1_328' title='bbox 1031 3557 1092 3602; x_wconf 79' lang='lat' dir='ltr'>n</span> 
     </span>
    </p>
   </div>
   <div class='ocr_carea' id='block_1_6' title="bbox 0 0 1213 3840">
    <p class='ocr_par' dir='ltr' id='par_1_7' title="bbox 0 0 1213 3840">
     <span class='ocr_line' id='line_1_39' title="bbox 0 0 1213 3840; baseline 0 0"><span class='ocrx_word' id='word_1_329' title='bbox 0 0 1213 3840; x_wconf 95' lang='lat' dir='ltr'> </span> 
     </span>
    </p>
   </div>
  </div>
 </body>
</html>
