<?xml version="1.0" encoding="UTF-8"?>
<!DOCTYPE html PUBLIC "-//W3C//DTD XHTML 1.0 Transitional//EN"
    "http://www.w3.org/TR/xhtml1/DTD/xhtml1-transitional.dtd">
<html xmlns="http://www.w3.org/1999/xhtml" xml:lang="en" lang="en">
 <head>
  <title>
</title>
<meta http-equiv="Content-Type" content="text/html;charset=utf-8" />
  <meta name='ocr-system' content='tesseract 3.04.00' />
  <meta name='ocr-capabilities' content='ocr_page ocr_carea ocr_par ocr_line ocrx_word'/>
</head>
<body>
  <div class='ocr_page' id='page_1' title='image "./qvintilianiqvae01quingoog_0173.png"; bbox 0 0 2408 3840; ppageno 0'>
   <div class='ocr_carea' id='block_1_1' title="bbox 125 139 826 204">
    <p class='ocr_par' dir='ltr' id='par_1_1' title="bbox 125 139 826 204">
     <span class='ocr_line' id='line_1_1' title="bbox 125 139 826 204; baseline -0.01 0"><span class='ocrx_word' id='word_1_1' title='bbox 125 140 187 204; x_wconf 85' lang='lat'>138</span> <span class='ocrx_word' id='word_1_2' title='bbox 428 139 631 196; x_wconf 79' lang='lat' dir='ltr'><strong>TORMENTA</strong></span> <span class='ocrx_word' id='word_1_3' title='bbox 648 140 826 198; x_wconf 80' lang='lat' dir='ltr'><strong>PAVPERIS</strong></span> 
     </span>
    </p>
   </div>
   <div class='ocr_carea' id='block_1_2' title="bbox 80 309 1164 2878">
    <p class='ocr_par' dir='ltr' id='par_1_2' title="bbox 80 309 1164 2878">
     <span class='ocr_line' id='line_1_2' title="bbox 121 309 1128 387; baseline 0.001 -20"><span class='ocrx_word' id='word_1_4' title='bbox 121 311 216 386; x_wconf 85' lang='lat' dir='ltr'>pater,</span> <span class='ocrx_word' id='word_1_5' title='bbox 239 328 306 368; x_wconf 90' lang='lat' dir='ltr'>cum</span> <span class='ocrx_word' id='word_1_6' title='bbox 329 309 408 369; x_wconf 92' lang='lat' dir='ltr'>solus</span> <span class='ocrx_word' id='word_1_7' title='bbox 430 310 486 369; x_wconf 92' lang='lat' dir='ltr'>hoc</span> <span class='ocrx_word' id='word_1_8' title='bbox 509 313 591 370; x_wconf 86' lang='lat' dir='ltr'>sciat.</span> <span class='ocrx_word' id='word_1_9' title='bbox 628 311 753 387; x_wconf 85' lang='lat' dir='ltr'>fallitur,</span> <span class='ocrx_word' id='word_1_10' title='bbox 776 310 902 386; x_wconf 84' lang='lat' dir='ltr'>iudices,</span> <span class='ocrx_word' id='word_1_11' title='bbox 926 312 1062 387; x_wconf 88' lang='lat' dir='ltr'>quisquis</span> <span class='ocrx_word' id='word_1_12' title='bbox 1079 310 1128 370; x_wconf 85' lang='lat' dir='ltr'>boc</span> 
     </span>
     <span class='ocr_line' id='line_1_3' title="bbox 122 398 1128 476; baseline 0.003 -20"><span class='ocrx_word' id='word_1_13' title='bbox 122 398 202 473; x_wconf 92' lang='lat' dir='ltr'>quod</span> <span class='ocrx_word' id='word_1_14' title='bbox 220 400 348 474; x_wconf 90' lang='lat' dir='ltr'>postulo,</span> <span class='ocrx_word' id='word_1_15' title='bbox 366 400 577 476; x_wconf 91' lang='lat' dir='ltr'>contemptum,</span> <span class='ocrx_word' id='word_1_16' title='bbox 596 402 730 475; x_wconf 88' lang='lat' dir='ltr'>quisquis</span> <span class='ocrx_word' id='word_1_17' title='bbox 748 401 904 459; x_wconf 88' lang='lat' dir='ltr'>audaciam</span> <span class='ocrx_word' id='word_1_18' title='bbox 922 402 1019 460; x_wconf 83' lang='lat' dir='ltr'>vocat.</span> <span class='ocrx_word' id='word_1_19' title='bbox 1056 399 1128 459; x_wconf 83' lang='lat' dir='ltr'>filim</span> 
     </span>
     <span class='ocr_line' id='line_1_4' title="bbox 121 487 1129 568; baseline 0.002 -23"><span class='ocrx_word' id='word_1_20' title='bbox 121 489 196 561; x_wconf 89' lang='lat' dir='ltr'>urit,</span> <span class='ocrx_word' id='word_1_21' title='bbox 220 487 364 565; x_wconf 83' lang='lat' dir='ltr'>exagitat,</span> <span class='ocrx_word' id='word_1_22' title='bbox 389 491 419 547; x_wconf 90' lang='lat' dir='ltr'>et</span> <span class='ocrx_word' id='word_1_23' title='bbox 440 488 520 546; x_wconf 82' lang='lat' dir='ltr'>inter</span> <span class='ocrx_word' id='word_1_24' title='bbox 540 491 690 548; x_wconf 88' lang='lat' dir='ltr'>tormenta</span> <span class='ocrx_word' id='word_1_25' title='bbox 712 490 795 568; x_wconf 81' lang='lat' dir='ltr'>fugio</span> <span class='ocrx_word' id='word_1_26' title='bbox 819 489 959 549; x_wconf 91' lang='lat' dir='ltr'>dolorem.</span> <span class='ocrx_word' id='word_1_27' title='bbox 1005 490 1032 547; x_wconf 89' lang='lat' dir='ltr'>si</span> <span class='ocrx_word' id='word_1_28' title='bbox 1055 508 1129 548; x_wconf 87' lang='lat' dir='ltr'>meu·</span> 
     </span>
     <span class='ocr_line' id='line_1_5' title="bbox 120 577 1129 654; baseline 0.002 -20"><span class='ocrx_word' id='word_1_29' title='bbox 120 578 224 636; x_wconf 86' lang='lat' dir='ltr'>tientis</span> <span class='ocrx_word' id='word_1_30' title='bbox 248 579 292 635; x_wconf 87' lang='lat' dir='ltr'>est</span> <span class='ocrx_word' id='word_1_31' title='bbox 314 577 391 636; x_wconf 83' lang='lat' dir='ltr'>velle</span> <span class='ocrx_word' id='word_1_32' title='bbox 413 579 559 653; x_wconf 77' lang='lat' dir='ltr'>torqueri,</span> <span class='ocrx_word' id='word_1_33' title='bbox 582 578 714 637; x_wconf 77' lang='lat' dir='ltr'>invenite</span> <span class='ocrx_word' id='word_1_34' title='bbox 736 579 809 654; x_wconf 91' lang='lat' dir='ltr'>quid</span> <span class='ocrx_word' id='word_1_35' title='bbox 831 579 929 638; x_wconf 82' lang='lat' dir='ltr'>iacere</span> <span class='ocrx_word' id='word_1_36' title='bbox 952 577 1061 638; x_wconf 88' lang='lat' dir='ltr'>debeat</span> <span class='ocrx_word' id='word_1_37' title='bbox 1083 578 1129 654; x_wconf 90' lang='lat' dir='ltr'>qui</span> 
     </span>
     <span class='ocr_line' id='line_1_6' title="bbox 121 666 1159 742; baseline 0.004 -18"><span class='ocrx_word' id='word_1_38' title='bbox 121 685 224 724; x_wconf 84' lang='lat' dir='ltr'>verum</span> <span class='ocrx_word' id='word_1_39' title='bbox 247 666 320 724; x_wconf 90' lang='lat' dir='ltr'>dicit</span> <span class='ocrx_word' id='word_1_40' title='bbox 343 668 373 725; x_wconf 92' lang='lat' dir='ltr'>et</span> <span class='ocrx_word' id='word_1_41' title='bbox 394 685 455 725; x_wconf 90' lang='lat' dir='ltr'>non</span> <span class='ocrx_word' id='word_1_42' title='bbox 477 666 592 742; x_wconf 88' lang='lat' dir='ltr'>probat.</span> <span class='ocrx_word' id='word_1_43' title='bbox 1150 687 1159 728; x_wconf 78' lang='lat' dir='ltr'>s</span> 
     </span>
     <span class='ocr_line' id='line_1_7' title="bbox 187 755 1129 831; baseline 0.004 -19"><span class='ocrx_word' id='word_1_44' title='bbox 187 755 336 829; x_wconf 82' lang='lat' dir='ltr'>Mentiris,</span> <span class='ocrx_word' id='word_1_45' title='bbox 363 756 470 831; x_wconf 91' lang='lat' dir='ltr'>inquit.</span> <span class='ocrx_word' id='word_1_46' title='bbox 515 755 589 815; x_wconf 91' lang='lat' dir='ltr'>bene</span> <span class='ocrx_word' id='word_1_47' title='bbox 617 756 696 830; x_wconf 89' lang='lat' dir='ltr'>quod</span> <span class='ocrx_word' id='word_1_48' title='bbox 723 759 754 816; x_wconf 88' lang='lat' dir='ltr'>et</span> <span class='ocrx_word' id='word_1_49' title='bbox 784 759 819 814; x_wconf 90' lang='lat' dir='ltr'>tu</span> <span class='ocrx_word' id='word_1_50' title='bbox 850 758 954 816; x_wconf 82' lang='lat' dir='ltr'>fateris</span> <span class='ocrx_word' id='word_1_51' title='bbox 981 774 1043 815; x_wconf 89' lang='lat' dir='ltr'>non</span> <span class='ocrx_word' id='word_1_52' title='bbox 1073 773 1129 816; x_wconf 84' lang='lat' dir='ltr'>osse</span> 
     </span>
     <span class='ocr_line' id='line_1_8' title="bbox 120 844 1130 922; baseline 0.001 -20"><span class='ocrx_word' id='word_1_53' title='bbox 120 845 195 902; x_wconf 89' lang='lat' dir='ltr'>mihi</span> <span class='ocrx_word' id='word_1_54' title='bbox 213 846 276 903; x_wconf 91' lang='lat' dir='ltr'>siue</span> <span class='ocrx_word' id='word_1_55' title='bbox 295 846 467 919; x_wconf 74' lang='lat' dir='ltr'>quaestione</span> <span class='ocrx_word' id='word_1_56' title='bbox 486 844 669 904; x_wconf 88' lang='lat' dir='ltr'>credendum.</span> <span class='ocrx_word' id='word_1_57' title='bbox 708 848 738 904; x_wconf 91' lang='lat' dir='ltr'>et</span> <span class='ocrx_word' id='word_1_58' title='bbox 757 863 839 921; x_wconf 83' lang='lat' dir='ltr'>quas,</span> <span class='ocrx_word' id='word_1_59' title='bbox 861 864 915 921; x_wconf 88' lang='lat' dir='ltr'>per</span> <span class='ocrx_word' id='word_1_60' title='bbox 932 844 1032 922; x_wconf 81' lang='lat' dir='ltr'>fidem,</span> <span class='ocrx_word' id='word_1_61' title='bbox 1055 865 1130 904; x_wconf 91' lang='lat' dir='ltr'>meu·</span> 
     </span>
     <span class='ocr_line' id='line_1_9' title="bbox 121 932 1129 1012; baseline 0.001 -23"><span class='ocrx_word' id='word_1_62' title='bbox 121 933 205 992; x_wconf 90' lang='lat' dir='ltr'>dacio</span> <span class='ocrx_word' id='word_1_63' title='bbox 235 951 300 992; x_wconf 89' lang='lat' dir='ltr'>meo</span> <span class='ocrx_word' id='word_1_64' title='bbox 333 951 437 992; x_wconf 87' lang='lat' dir='ltr'>causas</span> <span class='ocrx_word' id='word_1_65' title='bbox 470 934 552 993; x_wconf 85' lang='lat' dir='ltr'>dives</span> <span class='ocrx_word' id='word_1_66' title='bbox 582 932 742 1012; x_wconf 83' lang='lat' dir='ltr'>adsignas?</span> <span class='ocrx_word' id='word_1_67' title='bbox 787 936 892 1012; x_wconf 79' lang='lat' dir='ltr'>ignoro</span> <span class='ocrx_word' id='word_1_68' title='bbox 923 952 1129 1011; x_wconf 79' lang='lat' dir='ltr'>percussorem.</span> 
     </span>
     <span class='ocr_line' id='line_1_10' title="bbox 115 1021 1131 1101; baseline 0.002 -22"><span class='ocrx_word' id='word_1_69' title='bbox 115 1021 225 1080; x_wconf 77' lang='lat' dir='ltr'>deinde</span> <span class='ocrx_word' id='word_1_70' title='bbox 248 1025 278 1081; x_wconf 90' lang='lat' dir='ltr'>te</span> <span class='ocrx_word' id='word_1_71' title='bbox 298 1023 497 1098; x_wconf 90' lang='lat' dir='ltr'>potissimum,</span> <span class='ocrx_word' id='word_1_72' title='bbox 520 1022 634 1098; x_wconf 93' lang='lat' dir='ltr'>dequo</span> <span class='ocrx_word' id='word_1_73' title='bbox 658 1042 802 1098; x_wconf 88' lang='lat' dir='ltr'>quererer,</span> <span class='ocrx_word' id='word_1_74' title='bbox 825 1023 911 1101; x_wconf 85' lang='lat' dir='ltr'>elegi.</span> <span class='ocrx_word' id='word_1_75' title='bbox 948 1041 988 1082; x_wconf 89' lang='lat' dir='ltr'>an</span> <span class='ocrx_word' id='word_1_76' title='bbox 1011 1025 1083 1097; x_wconf 88' lang='lat' dir='ltr'>scio,</span> <span class='ocrx_word' id='word_1_77' title='bbox 1104 1026 1131 1082; x_wconf 88' lang='lat' dir='ltr'>et</span> 
     </span>
     <span class='ocr_line' id='line_1_11' title="bbox 119 1110 1163 1190; baseline 0 -20"><span class='ocrx_word' id='word_1_78' title='bbox 119 1111 322 1170; x_wconf 74' lang='lat' dir='ltr'>simultatibus</span> <span class='ocrx_word' id='word_1_79' title='bbox 345 1113 454 1170; x_wconf 85' lang='lat' dir='ltr'>nostris</span> <span class='ocrx_word' id='word_1_80' title='bbox 473 1114 659 1171; x_wconf 81' lang='lat' dir='ltr'>occasionem</span> <span class='ocrx_word' id='word_1_81' title='bbox 673 1113 815 1172; x_wconf 81' lang='lat' dir='ltr'>orbitatis</span> <span class='ocrx_word' id='word_1_82' title='bbox 835 1110 1000 1190; x_wconf 71' lang='lat' dir='ltr'>indulgeo?</span> <span class='ocrx_word' id='word_1_83' title='bbox 1033 1113 1163 1188; x_wconf 76' lang='lat' dir='ltr'>dau&#39;piro</span> 
     </span>
     <span class='ocr_line' id='line_1_12' title="bbox 112 1201 1130 1277; baseline 0.003 -20"><span class='ocrx_word' id='word_1_84' title='bbox 112 1219 166 1258; x_wconf 87' lang='lat' dir='ltr'>me</span> <span class='ocrx_word' id='word_1_85' title='bbox 194 1219 253 1259; x_wconf 90' lang='lat' dir='ltr'>non</span> <span class='ocrx_word' id='word_1_86' title='bbox 280 1202 411 1276; x_wconf 87' lang='lat' dir='ltr'>potuisse</span> <span class='ocrx_word' id='word_1_87' title='bbox 439 1201 631 1260; x_wconf 83' lang='lat' dir='ltr'>manifestum</span> <span class='ocrx_word' id='word_1_88' title='bbox 658 1203 710 1260; x_wconf 92' lang='lat' dir='ltr'>est.</span> <span class='ocrx_word' id='word_1_89' title='bbox 755 1201 835 1260; x_wconf 89' lang='lat' dir='ltr'>filius</span> <span class='ocrx_word' id='word_1_90' title='bbox 861 1219 958 1276; x_wconf 89' lang='lat' dir='ltr'>meus,</span> <span class='ocrx_word' id='word_1_91' title='bbox 985 1219 1055 1260; x_wconf 89' lang='lat' dir='ltr'>cum</span> <span class='ocrx_word' id='word_1_92' title='bbox 1082 1219 1130 1277; x_wconf 88' lang='lat' dir='ltr'>pa-</span> 
     </span>
     <span class='ocr_line' id='line_1_13' title="bbox 118 1289 1130 1366; baseline 0.004 -20"><span class='ocrx_word' id='word_1_93' title='bbox 118 1290 192 1347; x_wconf 86' lang='lat' dir='ltr'>riter</span> <span class='ocrx_word' id='word_1_94' title='bbox 222 1289 397 1362; x_wconf 86' lang='lat' dir='ltr'>rediremus,</span> <span class='ocrx_word' id='word_1_95' title='bbox 430 1291 542 1349; x_wconf 88' lang='lat' dir='ltr'>occisus</span> <span class='ocrx_word' id='word_1_96' title='bbox 573 1292 626 1350; x_wconf 89' lang='lat' dir='ltr'>est.</span> <span class='ocrx_word' id='word_1_97' title='bbox 679 1309 718 1349; x_wconf 84' lang='lat' dir='ltr'>sn</span> <span class='ocrx_word' id='word_1_98' title='bbox 750 1290 900 1350; x_wconf 74' lang='lat' dir='ltr'>dinoscere</span> <span class='ocrx_word' id='word_1_99' title='bbox 930 1308 1130 1366; x_wconf 78' lang='lat' dir='ltr'>percussorem</span> 
     </span>
     <span class='ocr_line' id='line_1_14' title="bbox 119 1377 1130 1458; baseline 0 -22"><span class='ocrx_word' id='word_1_100' title='bbox 119 1380 205 1436; x_wconf 89' lang='lat' dir='ltr'>nocte</span> <span class='ocrx_word' id='word_1_101' title='bbox 232 1396 291 1436; x_wconf 89' lang='lat' dir='ltr'>nou</span> <span class='ocrx_word' id='word_1_102' title='bbox 318 1379 417 1453; x_wconf 92' lang='lat' dir='ltr'>potui,</span> <span class='ocrx_word' id='word_1_103' title='bbox 442 1396 510 1436; x_wconf 91' lang='lat' dir='ltr'>cum</span> <span class='ocrx_word' id='word_1_104' title='bbox 531 1397 686 1455; x_wconf 88' lang='lat' dir='ltr'>percussor</span> <span class='ocrx_word' id='word_1_105' title='bbox 708 1379 842 1455; x_wconf 90' lang='lat' dir='ltr'>potuerit</span> <span class='ocrx_word' id='word_1_106' title='bbox 863 1380 987 1456; x_wconf 84' lang='lat' dir='ltr'>eligere,</span> <span class='ocrx_word' id='word_1_107' title='bbox 1009 1377 1130 1458; x_wconf 79' lang='lat' dir='ltr'>fugere?</span> 
     </span>
     <span class='ocr_line' id='line_1_15' title="bbox 119 1464 1129 1543; baseline 0.004 -20"><span class='ocrx_word' id='word_1_108' title='bbox 119 1466 192 1540; x_wconf 91' lang='lat' dir='ltr'>quid</span> <span class='ocrx_word' id='word_1_109' title='bbox 215 1464 279 1524; x_wconf 79' lang='lat' dir='ltr'>ais?</span> <span class='ocrx_word' id='word_1_110' title='bbox 324 1467 461 1525; x_wconf 84' lang='lat' dir='ltr'>iuvenem</span> <span class='ocrx_word' id='word_1_111' title='bbox 483 1486 582 1526; x_wconf 88' lang='lat' dir='ltr'>meum</span> <span class='ocrx_word' id='word_1_112' title='bbox 605 1467 682 1527; x_wconf 79' lang='lat' dir='ltr'>alius</span> <span class='ocrx_word' id='word_1_113' title='bbox 706 1469 822 1543; x_wconf 86' lang='lat' dir='ltr'>occidit,</span> <span class='ocrx_word' id='word_1_114' title='bbox 846 1471 877 1526; x_wconf 89' lang='lat' dir='ltr'>et</span> <span class='ocrx_word' id='word_1_115' title='bbox 898 1472 933 1526; x_wconf 92' lang='lat' dir='ltr'>tu</span> <span class='ocrx_word' id='word_1_116' title='bbox 955 1469 1032 1527; x_wconf 90' lang='lat' dir='ltr'>mihi</span> <span class='ocrx_word' id='word_1_117' title='bbox 1055 1470 1129 1529; x_wconf 88' lang='lat' dir='ltr'>sola·</span> 
     </span>
     <span class='ocr_line' id='line_1_16' title="bbox 118 1554 1163 1632; baseline 0.004 -18"><span class='ocrx_word' id='word_1_118' title='bbox 118 1556 196 1614; x_wconf 90' lang='lat' dir='ltr'>cium</span> <span class='ocrx_word' id='word_1_119' title='bbox 221 1556 343 1615; x_wconf 89' lang='lat' dir='ltr'>ultionis</span> <span class='ocrx_word' id='word_1_120' title='bbox 366 1554 492 1631; x_wconf 78' lang='lat' dir='ltr'>imples?</span> <span class='ocrx_word' id='word_1_121' title='bbox 528 1559 559 1615; x_wconf 90' lang='lat' dir='ltr'>te</span> <span class='ocrx_word' id='word_1_122' title='bbox 577 1574 682 1615; x_wconf 89' lang='lat' dir='ltr'>accuso</span> <span class='ocrx_word' id='word_1_123' title='bbox 701 1558 822 1632; x_wconf 85' lang='lat' dir='ltr'>scilicet,</span> <span class='ocrx_word' id='word_1_124' title='bbox 840 1558 875 1616; x_wconf 86' lang='lat' dir='ltr'>ut</span> <span class='ocrx_word' id='word_1_125' title='bbox 891 1558 1014 1616; x_wconf 85' lang='lat' dir='ltr'>interim</span> <span class='ocrx_word' id='word_1_126' title='bbox 1032 1559 1128 1618; x_wconf 87' lang='lat' dir='ltr'>nescio</span> <span class='ocrx_word' id='word_1_127' title='bbox 1141 1575 1163 1618; x_wconf 82' lang='lat' dir='ltr'>is</span> 
     </span>
     <span class='ocr_line' id='line_1_17' title="bbox 120 1644 1129 1724; baseline 0.006 -23"><span class='ocrx_word' id='word_1_128' title='bbox 120 1645 185 1718; x_wconf 89' lang='lat' dir='ltr'>quis</span> <span class='ocrx_word' id='word_1_129' title='bbox 209 1644 260 1702; x_wconf 90' lang='lat' dir='ltr'>ille</span> <span class='ocrx_word' id='word_1_130' title='bbox 283 1644 389 1722; x_wconf 82' lang='lat' dir='ltr'>fugiat,</span> <span class='ocrx_word' id='word_1_131' title='bbox 412 1645 528 1704; x_wconf 82' lang='lat' dir='ltr'>evadet.</span> <span class='ocrx_word' id='word_1_132' title='bbox 575 1644 653 1721; x_wconf 92' lang='lat' dir='ltr'>quod</span> <span class='ocrx_word' id='word_1_133' title='bbox 676 1647 710 1704; x_wconf 92' lang='lat' dir='ltr'>tu</span> <span class='ocrx_word' id='word_1_134' title='bbox 733 1646 807 1704; x_wconf 90' lang='lat' dir='ltr'>mihi</span> <span class='ocrx_word' id='word_1_135' title='bbox 830 1665 922 1724; x_wconf 83' lang='lat' dir='ltr'>genus</span> <span class='ocrx_word' id='word_1_136' title='bbox 947 1647 1059 1707; x_wconf 80' lang='lat' dir='ltr'>furoris</span> <span class='ocrx_word' id='word_1_137' title='bbox 1082 1647 1129 1706; x_wconf 81' lang='lat' dir='ltr'>ad·</span> 
     </span>
     <span class='ocr_line' id='line_1_18' title="bbox 118 1733 1129 1810; baseline 0.003 -18"><span class='ocrx_word' id='word_1_138' title='bbox 118 1734 227 1810; x_wconf 87' lang='lat' dir='ltr'>signas,</span> <span class='ocrx_word' id='word_1_139' title='bbox 249 1735 285 1792; x_wconf 92' lang='lat' dir='ltr'>ut</span> <span class='ocrx_word' id='word_1_140' title='bbox 306 1735 429 1792; x_wconf 86' lang='lat' dir='ltr'>maximi</span> <span class='ocrx_word' id='word_1_141' title='bbox 451 1733 568 1793; x_wconf 88' lang='lat' dir='ltr'>sceleris</span> <span class='ocrx_word' id='word_1_142' title='bbox 591 1735 668 1793; x_wconf 86' lang='lat' dir='ltr'>ultio</span> <span class='ocrx_word' id='word_1_143' title='bbox 690 1737 793 1810; x_wconf 85' lang='lat' dir='ltr'>pereat</span> <span class='ocrx_word' id='word_1_144' title='bbox 815 1736 909 1794; x_wconf 83' lang='lat' dir='ltr'>falsae</span> <span class='ocrx_word' id='word_1_145' title='bbox 931 1736 1129 1795; x_wconf 75' lang='lat' dir='ltr'>accusationis</span> 
     </span>
     <span class='ocr_line' id='line_1_19' title="bbox 118 1819 1129 1898; baseline 0.005 -19"><span class='ocrx_word' id='word_1_146' title='bbox 118 1819 251 1881; x_wconf 79' lang='lat' dir='ltr'>incerto?</span> <span class='ocrx_word' id='word_1_147' title='bbox 296 1823 383 1882; x_wconf 91' lang='lat' dir='ltr'>homo</span> <span class='ocrx_word' id='word_1_148' title='bbox 412 1825 464 1898; x_wconf 92' lang='lat' dir='ltr'>qui</span> <span class='ocrx_word' id='word_1_149' title='bbox 490 1842 538 1882; x_wconf 92' lang='lat' dir='ltr'>me</span> <span class='ocrx_word' id='word_1_150' title='bbox 564 1823 673 1883; x_wconf 85' lang='lat' dir='ltr'>vidisse</span> <span class='ocrx_word' id='word_1_151' title='bbox 701 1824 859 1898; x_wconf 87' lang='lat' dir='ltr'>contendo,</span> <span class='ocrx_word' id='word_1_152' title='bbox 889 1843 957 1883; x_wconf 90' lang='lat' dir='ltr'>cum</span> <span class='ocrx_word' id='word_1_153' title='bbox 984 1824 1129 1884; x_wconf 83' lang='lat' dir='ltr'>occideres</span> 
     </span>
     <span class='ocr_line' id='line_1_20' title="bbox 118 1911 1130 1988; baseline 0.004 -20"><span class='ocrx_word' id='word_1_154' title='bbox 118 1911 213 1969; x_wconf 90' lang='lat' dir='ltr'>filium</span> <span class='ocrx_word' id='word_1_155' title='bbox 235 1929 342 1985; x_wconf 89' lang='lat' dir='ltr'>meum,</span> <span class='ocrx_word' id='word_1_156' title='bbox 365 1912 424 1970; x_wconf 91' lang='lat' dir='ltr'>nisi</span> <span class='ocrx_word' id='word_1_157' title='bbox 442 1912 479 1971; x_wconf 91' lang='lat' dir='ltr'>de</span> <span class='ocrx_word' id='word_1_158' title='bbox 498 1915 529 1970; x_wconf 87' lang='lat' dir='ltr'>te</span> <span class='ocrx_word' id='word_1_159' title='bbox 547 1912 691 1987; x_wconf 86' lang='lat' dir='ltr'>vindicor,</span> <span class='ocrx_word' id='word_1_160' title='bbox 714 1932 774 1971; x_wconf 91' lang='lat' dir='ltr'>non</span> <span class='ocrx_word' id='word_1_161' title='bbox 791 1914 899 1988; x_wconf 89' lang='lat' dir='ltr'>reliqui</span> <span class='ocrx_word' id='word_1_162' title='bbox 917 1913 1001 1987; x_wconf 91' lang='lat' dir='ltr'>mihi,</span> <span class='ocrx_word' id='word_1_163' title='bbox 1024 1916 1061 1973; x_wconf 90' lang='lat' dir='ltr'>ut</span> <span class='ocrx_word' id='word_1_164' title='bbox 1076 1914 1130 1972; x_wconf 91' lang='lat' dir='ltr'>hoc</span> 
     </span>
     <span class='ocr_line' id='line_1_21' title="bbox 119 2000 1164 2075; baseline 0.004 -18"><span class='ocrx_word' id='word_1_165' title='bbox 119 2000 155 2058; x_wconf 92' lang='lat' dir='ltr'>de</span> <span class='ocrx_word' id='word_1_166' title='bbox 178 2001 245 2059; x_wconf 90' lang='lat' dir='ltr'>aliis</span> <span class='ocrx_word' id='word_1_167' title='bbox 268 2001 431 2075; x_wconf 86' lang='lat' dir='ltr'>probarem.</span> <span class='ocrx_word' id='word_1_168' title='bbox 1141 2019 1164 2061; x_wconf 76' lang='lat' dir='ltr'>ss</span> 
     </span>
     <span class='ocr_line' id='line_1_22' title="bbox 80 2086 1129 2167; baseline 0.003 -20"><span class='ocrx_word' id='word_1_169' title='bbox 80 2109 100 2164; x_wconf 73' lang='lat'>(3</span> <span class='ocrx_word' id='word_1_170' title='bbox 187 2086 211 2147; x_wconf 91' lang='grc' dir='ltr'>Ο</span> <span class='ocrx_word' id='word_1_171' title='bbox 235 2091 265 2147; x_wconf 91' lang='lat' dir='ltr'>te</span> <span class='ocrx_word' id='word_1_172' title='bbox 288 2093 372 2148; x_wconf 85' lang='lat' dir='ltr'>extra</span> <span class='ocrx_word' id='word_1_173' title='bbox 394 2108 494 2149; x_wconf 88' lang='lat' dir='ltr'>omnes</span> <span class='ocrx_word' id='word_1_174' title='bbox 516 2091 714 2150; x_wconf 90' lang='lat' dir='ltr'>humanorum</span> <span class='ocrx_word' id='word_1_175' title='bbox 736 2093 890 2166; x_wconf 88' lang='lat' dir='ltr'>pectorum</span> <span class='ocrx_word' id='word_1_176' title='bbox 908 2090 1054 2167; x_wconf 85' lang='lat' dir='ltr'>adfectus,</span> <span class='ocrx_word' id='word_1_177' title='bbox 1076 2093 1129 2150; x_wconf 89' lang='lat' dir='ltr'>ini·</span> 
     </span>
     <span class='ocr_line' id='line_1_23' title="bbox 118 2179 1131 2257; baseline 0.002 -21"><span class='ocrx_word' id='word_1_178' title='bbox 118 2179 201 2252; x_wconf 91' lang='lat' dir='ltr'>mice,</span> <span class='ocrx_word' id='word_1_179' title='bbox 225 2180 400 2254; x_wconf 85' lang='lat' dir='ltr'>sepositum,</span> <span class='ocrx_word' id='word_1_180' title='bbox 423 2198 501 2238; x_wconf 90' lang='lat' dir='ltr'>nunc</span> <span class='ocrx_word' id='word_1_181' title='bbox 525 2180 576 2254; x_wconf 93' lang='lat' dir='ltr'>qui</span> <span class='ocrx_word' id='word_1_182' title='bbox 599 2199 645 2238; x_wconf 91' lang='lat' dir='ltr'>me</span> <span class='ocrx_word' id='word_1_183' title='bbox 668 2181 756 2256; x_wconf 88' lang='lat' dir='ltr'>putas</span> <span class='ocrx_word' id='word_1_184' title='bbox 778 2198 864 2255; x_wconf 88' lang='lat' dir='ltr'>posse</span> <span class='ocrx_word' id='word_1_185' title='bbox 885 2180 1021 2239; x_wconf 85' lang='lat' dir='ltr'>mentiri!</span> <span class='ocrx_word' id='word_1_186' title='bbox 1067 2199 1131 2257; x_wconf 86' lang='lat' dir='ltr'>por·</span> 
     </span>
     <span class='ocr_line' id='line_1_24' title="bbox 117 2267 1130 2345; baseline 0.005 -20"><span class='ocrx_word' id='word_1_187' title='bbox 117 2267 180 2326; x_wconf 91' lang='lat' dir='ltr'>didi</span> <span class='ocrx_word' id='word_1_188' title='bbox 203 2267 307 2326; x_wconf 77' lang='lat' dir='ltr'>infelix</span> <span class='ocrx_word' id='word_1_189' title='bbox 329 2268 417 2326; x_wconf 91' lang='lat' dir='ltr'>illum</span> <span class='ocrx_word' id='word_1_190' title='bbox 439 2269 583 2327; x_wconf 85' lang='lat' dir='ltr'>cariorem</span> <span class='ocrx_word' id='word_1_191' title='bbox 605 2269 786 2345; x_wconf 78' lang='lat' dir='ltr'>pauperibus</span> <span class='ocrx_word' id='word_1_192' title='bbox 809 2268 967 2328; x_wconf 87' lang='lat' dir='ltr'>adfectum.</span> <span class='ocrx_word' id='word_1_193' title='bbox 1013 2287 1130 2330; x_wconf 66' lang='lat' dir='ltr'>succum</span> 
     </span>
     <span class='ocr_line' id='line_1_25' title="bbox 116 2356 1130 2433; baseline 0.004 -19"><span class='ocrx_word' id='word_1_194' title='bbox 116 2377 181 2416; x_wconf 92' lang='lat' dir='ltr'>rere</span> <span class='ocrx_word' id='word_1_195' title='bbox 203 2357 277 2415; x_wconf 91' lang='lat' dir='ltr'>mihi</span> <span class='ocrx_word' id='word_1_196' title='bbox 299 2359 397 2431; x_wconf 85' lang='lat' dir='ltr'>putas,</span> <span class='ocrx_word' id='word_1_197' title='bbox 421 2356 501 2432; x_wconf 91' lang='lat' dir='ltr'>quod</span> <span class='ocrx_word' id='word_1_198' title='bbox 524 2358 685 2432; x_wconf 87' lang='lat' dir='ltr'>aliquando</span> <span class='ocrx_word' id='word_1_199' title='bbox 704 2356 899 2417; x_wconf 73' lang='lat' dir='ltr'>discedimus?</span> <span class='ocrx_word' id='word_1_200' title='bbox 935 2358 1061 2433; x_wconf 84' lang='lat' dir='ltr'>falleris,</span> <span class='ocrx_word' id='word_1_201' title='bbox 1083 2359 1130 2418; x_wconf 88' lang='lat' dir='ltr'>de·</span> 
     </span>
     <span class='ocr_line' id='line_1_26' title="bbox 117 2445 1164 2521; baseline 0.002 -17"><span class='ocrx_word' id='word_1_202' title='bbox 117 2447 232 2521; x_wconf 90' lang='lat' dir='ltr'>ciperis.</span> <span class='ocrx_word' id='word_1_203' title='bbox 269 2445 397 2504; x_wconf 89' lang='lat' dir='ltr'>hominis</span> <span class='ocrx_word' id='word_1_204' title='bbox 416 2446 499 2506; x_wconf 88' lang='lat' dir='ltr'>cuius</span> <span class='ocrx_word' id='word_1_205' title='bbox 519 2449 631 2506; x_wconf 85' lang='lat' dir='ltr'>occisus</span> <span class='ocrx_word' id='word_1_206' title='bbox 649 2449 695 2506; x_wconf 92' lang='lat' dir='ltr'>est</span> <span class='ocrx_word' id='word_1_207' title='bbox 712 2445 800 2520; x_wconf 89' lang='lat' dir='ltr'>filius,</span> <span class='ocrx_word' id='word_1_208' title='bbox 822 2465 899 2505; x_wconf 91' lang='lat' dir='ltr'>uuus</span> <span class='ocrx_word' id='word_1_209' title='bbox 917 2447 1060 2508; x_wconf 90' lang='lat' dir='ltr'>inimicus</span> <span class='ocrx_word' id='word_1_210' title='bbox 1078 2450 1128 2508; x_wconf 83' lang='lat' dir='ltr'>est</span> <span class='ocrx_word' id='word_1_211' title='bbox 1140 2465 1164 2506; x_wconf 80' lang='lat' dir='ltr'>rs</span> 
     </span>
     <span class='ocr_line' id='line_1_27' title="bbox 117 2535 1130 2610; baseline 0.001 -16"><span class='ocrx_word' id='word_1_212' title='bbox 117 2552 187 2594; x_wconf 88' lang='lat' dir='ltr'>sane</span> <span class='ocrx_word' id='word_1_213' title='bbox 209 2535 305 2610; x_wconf 89' lang='lat' dir='ltr'>possit</span> <span class='ocrx_word' id='word_1_214' title='bbox 328 2536 436 2610; x_wconf 78' lang='lat' dir='ltr'>aliquus</span> <span class='ocrx_word' id='word_1_215' title='bbox 458 2536 536 2594; x_wconf 84' lang='lat' dir='ltr'>hanc</span> <span class='ocrx_word' id='word_1_216' title='bbox 556 2535 666 2595; x_wconf 89' lang='lat' dir='ltr'>doloris</span> <span class='ocrx_word' id='word_1_217' title='bbox 685 2535 952 2595; x_wconf 82' lang='lat' dir='ltr'>dissimulationem</span> <span class='ocrx_word' id='word_1_218' title='bbox 975 2536 1130 2597; x_wconf 87' lang='lat' dir='ltr'>mendacio</span> 
     </span>
     <span class='ocr_line' id='line_1_28' title="bbox 116 2618 1131 2700; baseline 0.004 -18"><span class='ocrx_word' id='word_1_219' title='bbox 116 2625 246 2700; x_wconf 83' lang='lat' dir='ltr'>perferre</span> <span class='ocrx_word' id='word_1_220' title='bbox 271 2623 441 2682; x_wconf 83' lang='lat' dir='ltr'>verborum:</span> <span class='ocrx_word' id='word_1_221' title='bbox 469 2618 615 2700; x_wconf 71' lang='lat' dir='ltr'>‘torqueri</span> <span class='ocrx_word' id='word_1_222' title='bbox 642 2620 729 2683; x_wconf 84' lang='lat' dir='ltr'>volo&#39;</span> <span class='ocrx_word' id='word_1_223' title='bbox 775 2624 851 2682; x_wconf 91' lang='lat' dir='ltr'>nihil</span> <span class='ocrx_word' id='word_1_224' title='bbox 879 2627 925 2684; x_wconf 89' lang='lat' dir='ltr'>est</span> <span class='ocrx_word' id='word_1_225' title='bbox 951 2627 1046 2700; x_wconf 82' lang='lat' dir='ltr'>tenti,</span> <span class='ocrx_word' id='word_1_226' title='bbox 1074 2627 1131 2686; x_wconf 90' lang='lat' dir='ltr'>nisi</span> 
     </span>
     <span class='ocr_line' id='line_1_29' title="bbox 116 2712 1131 2792; baseline 0.003 -20"><span class='ocrx_word' id='word_1_227' title='bbox 116 2733 227 2772; x_wconf 90' lang='lat' dir='ltr'>verum.</span> <span class='ocrx_word' id='word_1_228' title='bbox 273 2712 411 2772; x_wconf 84' lang='lat' dir='ltr'>videlicet</span> <span class='ocrx_word' id='word_1_229' title='bbox 438 2714 517 2772; x_wconf 88' lang='lat' dir='ltr'>inter</span> <span class='ocrx_word' id='word_1_230' title='bbox 543 2715 684 2792; x_wconf 80' lang='lat' dir='ltr'>ignesco</span> <span class='ocrx_word' id='word_1_231' title='bbox 711 2713 830 2791; x_wconf 83' lang='lat' dir='ltr'>flagella</span> <span class='ocrx_word' id='word_1_232' title='bbox 853 2713 964 2773; x_wconf 88' lang='lat' dir='ltr'>sufficit</span> <span class='ocrx_word' id='word_1_233' title='bbox 986 2716 1077 2788; x_wconf 88' lang='lat' dir='ltr'>mihi,</span> <span class='ocrx_word' id='word_1_234' title='bbox 1106 2717 1131 2775; x_wconf 92' lang='lat' dir='ltr'>si</span> 
     </span>
     <span class='ocr_line' id='line_1_30' title="bbox 116 2794 1130 2878; baseline 0.005 -19"><span class='ocrx_word' id='word_1_235' title='bbox 116 2801 230 2860; x_wconf 86' lang='lat' dir='ltr'>dixero:</span> <span class='ocrx_word' id='word_1_236' title='bbox 255 2794 314 2859; x_wconf 78' lang='lat' dir='ltr'>‘hic</span> <span class='ocrx_word' id='word_1_237' title='bbox 337 2803 382 2861; x_wconf 92' lang='lat' dir='ltr'>est</span> <span class='ocrx_word' id='word_1_238' title='bbox 403 2803 555 2878; x_wconf 87' lang='lat' dir='ltr'>inimicus,</span> <span class='ocrx_word' id='word_1_239' title='bbox 578 2804 684 2877; x_wconf 88' lang='lat' dir='ltr'>anime,</span> <span class='ocrx_word' id='word_1_240' title='bbox 708 2803 761 2877; x_wconf 89' lang='lat' dir='ltr'>qui</span> <span class='ocrx_word' id='word_1_241' title='bbox 783 2803 868 2862; x_wconf 90' lang='lat' dir='ltr'>nobis</span> <span class='ocrx_word' id='word_1_242' title='bbox 891 2802 1016 2862; x_wconf 88' lang='lat' dir='ltr'>subinde</span> <span class='ocrx_word' id='word_1_243' title='bbox 1040 2805 1130 2864; x_wconf 88' lang='lat' dir='ltr'>male·</span> 
     </span>
    </p>
   </div>
   <div class='ocr_carea' id='block_1_3' title="bbox 114 3024 1131 3234">
    <p class='ocr_par' dir='ltr' id='par_1_3' title="bbox 114 3024 1131 3234">
     <span class='ocr_line' id='line_1_31' title="bbox 188 3024 1131 3095; baseline 0.003 -18"><span class='ocrx_word' id='word_1_244' title='bbox 188 3031 293 3093; x_wconf 76' lang='lat' dir='ltr'>&#39;r&#39;quas</span> <span class='ocrx_word' id='word_1_245' title='bbox 311 3041 362 3094; x_wconf 87' lang='lat' dir='ltr'>per</span> <span class='ocrx_word' id='word_1_246' title='bbox 380 3037 409 3078; x_wconf 76' lang='lat' dir='ltr'>s:</span> <span class='ocrx_word' id='word_1_247' title='bbox 429 3041 486 3093; x_wconf 90' lang='lat' dir='ltr'>qua</span> <span class='ocrx_word' id='word_1_248' title='bbox 505 3041 594 3094; x_wconf 76' lang='lat' dir='ltr'>spem</span> <span class='ocrx_word' id='word_1_249' title='bbox 662 3024 877 3095; x_wconf 69' lang='lat' dir='ltr'>Sadsignasn</span> <span class='ocrx_word' id='word_1_250' title='bbox 939 3029 972 3079; x_wconf 81' lang='lat'>12</span> <span class='ocrx_word' id='word_1_251' title='bbox 991 3028 1131 3080; x_wconf 71' lang='lat' dir='ltr'>smnio</span> 
     </span>
     <span class='ocr_line' id='line_1_32' title="bbox 114 3095 1131 3166; baseline 0.002 -16"><span class='ocrx_word' id='word_1_252' title='bbox 114 3113 170 3151; x_wconf 79' lang='lat' dir='ltr'>ras.</span> <span class='ocrx_word' id='word_1_253' title='bbox 189 3105 217 3148; x_wconf 99' lang='grc' dir='ltr'><strong><em>Β</em></strong></span> <span class='ocrx_word' id='word_1_254' title='bbox 288 3101 321 3149; x_wconf 81' lang='grc'>13</span> <span class='ocrx_word' id='word_1_255' title='bbox 344 3097 480 3166; x_wconf 84' lang='lat' dir='ltr'>potuerit:</span> <span class='ocrx_word' id='word_1_256' title='bbox 503 3095 597 3165; x_wconf 92' lang='lat' dir='ltr'>potuit</span> <span class='ocrx_word' id='word_1_257' title='bbox 614 3106 639 3149; x_wconf 75' lang='lat' dir='ltr'><em>J</em></span> <span class='ocrx_word' id='word_1_258' title='bbox 709 3102 742 3150; x_wconf 83' lang='lat'>14</span> <span class='ocrx_word' id='word_1_259' title='bbox 766 3096 827 3166; x_wconf 78' lang='lat' dir='ltr'>agis</span> <span class='ocrx_word' id='word_1_260' title='bbox 845 3105 873 3148; x_wconf 99' lang='grc' dir='ltr'><strong><em>Β</em></strong></span> <span class='ocrx_word' id='word_1_261' title='bbox 945 3100 978 3150; x_wconf 79' lang='lat'>15</span> <span class='ocrx_word' id='word_1_262' title='bbox 1001 3099 1044 3152; x_wconf 80' lang='lat' dir='ltr'>te:</span> <span class='ocrx_word' id='word_1_263' title='bbox 1069 3099 1131 3152; x_wconf 76' lang='lat' dir='ltr'>tin</span> 
     </span>
     <span class='ocr_line' id='line_1_33' title="bbox 114 3166 1131 3234; baseline 0.002 -13"><span class='ocrx_word' id='word_1_264' title='bbox 114 3185 169 3222; x_wconf 81' lang='lat' dir='ltr'>ros.</span> <span class='ocrx_word' id='word_1_265' title='bbox 185 3177 213 3220; x_wconf 95' lang='grc' dir='ltr'><strong><em>Β</em></strong></span> <span class='ocrx_word' id='word_1_266' title='bbox 284 3173 317 3220; x_wconf 80' lang='grc'>17</span> <span class='ocrx_word' id='word_1_267' title='bbox 341 3168 497 3221; x_wconf 88' lang='lat' dir='ltr'>occasionis</span> <span class='ocrx_word' id='word_1_268' title='bbox 514 3176 553 3234; x_wconf 85' lang='grc' dir='ltr'>Β,</span> <span class='ocrx_word' id='word_1_269' title='bbox 577 3178 677 3223; x_wconf 67' lang='lat' dir='ltr'>corus</span> <span class='ocrx_word' id='word_1_270' title='bbox 750 3172 783 3221; x_wconf 91' lang='lat'>18</span> <span class='ocrx_word' id='word_1_271' title='bbox 805 3166 902 3222; x_wconf 90' lang='lat' dir='ltr'>homo:</span> <span class='ocrx_word' id='word_1_272' title='bbox 925 3181 1018 3234; x_wconf 70' lang='lat' dir='ltr'>nous</span> <span class='ocrx_word' id='word_1_273' title='bbox 1091 3169 1131 3223; x_wconf 88' lang='lat' dir='ltr'>vi·</span> 
     </span>
    </p>
   </div>
   <div class='ocr_carea' id='block_1_4' title="bbox 115 3255 1131 3342">
    <p class='ocr_par' dir='ltr' id='par_1_4' title="bbox 115 3255 1131 3342">
     <span class='ocr_line' id='line_1_34' title="bbox 115 3255 1131 3342; baseline 0.003 -15"><span class='ocrx_word' id='word_1_274' title='bbox 115 3274 204 3327; x_wconf 87' lang='lat' dir='ltr'>disset</span> <span class='ocrx_word' id='word_1_275' title='bbox 220 3283 248 3326; x_wconf 99' lang='grc' dir='ltr'><strong><em>Β</em></strong></span> <span class='ocrx_word' id='word_1_276' title='bbox 311 3278 344 3326; x_wconf 82' lang='grc'>19</span> <span class='ocrx_word' id='word_1_277' title='bbox 362 3275 395 3326; x_wconf 91' lang='lat' dir='ltr'>ut</span> <span class='ocrx_word' id='word_1_278' title='bbox 413 3290 463 3327; x_wconf 85' lang='lat' dir='ltr'>om.</span> <span class='ocrx_word' id='word_1_279' title='bbox 478 3283 511 3340; x_wconf 81' lang='lat' dir='ltr'>P,</span> <span class='ocrx_word' id='word_1_280' title='bbox 529 3290 605 3342; x_wconf 80' lang='lat' dir='ltr'>supr.</span> <span class='ocrx_word' id='word_1_281' title='bbox 618 3296 640 3335; x_wconf 73' lang='lat' dir='ltr'>p</span> <span class='ocrx_word' id='word_1_282' title='bbox 693 3280 727 3327; x_wconf 78' lang='lat'>23</span> <span class='ocrx_word' id='word_1_283' title='bbox 746 3255 906 3328; x_wconf 80' lang='lat' dir='ltr'>succurrere</span> <span class='ocrx_word' id='word_1_284' title='bbox 924 3283 957 3328; x_wconf 75' lang='grc' dir='ltr'><strong><em>Β</em></strong></span> <span class='ocrx_word' id='word_1_285' title='bbox 1017 3281 1055 3329; x_wconf 73' lang='lat'>24</span> <span class='ocrx_word' id='word_1_286' title='bbox 1073 3274 1131 3330; x_wconf 87' lang='lat' dir='ltr'>dis-</span> 
     </span>
    </p>
   </div>
   <div class='ocr_carea' id='block_1_5' title="bbox 115 3344 1064 3426">
    <p class='ocr_par' dir='ltr' id='par_1_5' title="bbox 115 3344 1064 3426">
     <span class='ocr_line' id='line_1_35' title="bbox 115 3344 1064 3426; baseline 0 -27"><span class='ocrx_word' id='word_1_287' title='bbox 115 3345 287 3426; x_wconf 53' lang='lat' dir='ltr'>cedimus(</span> <span class='ocrx_word' id='word_1_288' title='bbox 369 3351 403 3399; x_wconf 74' lang='lat'>27</span> <span class='ocrx_word' id='word_1_289' title='bbox 425 3344 550 3413; x_wconf 85' lang='lat' dir='ltr'>proferre</span> <span class='ocrx_word' id='word_1_290' title='bbox 572 3347 614 3399; x_wconf 80' lang='lat' dir='ltr'>orl</span> <span class='ocrx_word' id='word_1_291' title='bbox 635 3344 776 3414; x_wconf 85' lang='lat' dir='ltr'>praeferre</span> <span class='ocrx_word' id='word_1_292' title='bbox 797 3347 852 3399; x_wconf 78' lang='lat' dir='ltr'>Bu.</span> <span class='ocrx_word' id='word_1_293' title='bbox 943 3346 1018 3416; x_wconf 46' lang='lat' dir='ltr'>&amp;isi</span> <span class='ocrx_word' id='word_1_294' title='bbox 1041 3357 1064 3399; x_wconf 75' lang='grc' dir='ltr'><em>ν</em></span> 
     </span>
    </p>
   </div>
   <div class='ocr_carea' id='block_1_6' title="bbox 113 3434 1132 3576">
    <p class='ocr_par' dir='ltr' id='par_1_6' title="bbox 113 3434 1132 3576">
     <span class='ocr_line' id='line_1_36' title="bbox 113 3434 1132 3575; baseline 0.004 -71"><span class='ocrx_word' id='word_1_295' title='bbox 113 3456 149 3575; x_wconf 55' lang='grc' dir='ltr'>ἐξ</span> <span class='ocrx_word' id='word_1_296' title='bbox 167 3453 259 3534; x_wconf 79' lang='lat' dir='ltr'>ignes:</span> <span class='ocrx_word' id='word_1_297' title='bbox 279 3434 360 3521; x_wconf 80' lang='lat' dir='ltr'>¹gnes</span> <span class='ocrx_word' id='word_1_298' title='bbox 379 3453 405 3520; x_wconf 86' lang='lat' dir='ltr'>(e</span> <span class='ocrx_word' id='word_1_299' title='bbox 423 3469 456 3506; x_wconf 80' lang='lat' dir='ltr'>ecc</span> <span class='ocrx_word' id='word_1_300' title='bbox 473 3451 494 3521; x_wconf 93' lang='lat' dir='ltr'>i)</span> <span class='ocrx_word' id='word_1_301' title='bbox 508 3460 546 3518; x_wconf 90' lang='grc' dir='ltr'>Β;</span> <span class='ocrx_word' id='word_1_302' title='bbox 566 3451 715 3518; x_wconf 78' lang='lat' dir='ltr'>omnis113</span> <span class='ocrx_word' id='word_1_303' title='bbox 735 3468 831 3506; x_wconf 85' lang='lat' dir='ltr'>omnes</span> <span class='ocrx_word' id='word_1_304' title='bbox 848 3462 874 3505; x_wconf 79' lang='lat' dir='ltr'><em>J</em></span> <span class='ocrx_word' id='word_1_305' title='bbox 931 3434 1086 3524; x_wconf 63' lang='lat' dir='ltr'>fiiflsgells</span> <span class='ocrx_word' id='word_1_306' title='bbox 1103 3463 1132 3507; x_wconf 80' lang='grc' dir='ltr'><strong><em>Β</em></strong></span> 
     </span>
     <span class='ocr_line' id='line_1_37' title="bbox 166 3532 327 3576; baseline 0 0"><span class='ocrx_word' id='word_1_307' title='bbox 166 3538 279 3576; x_wconf 81' lang='lat' dir='ltr'>animae</span> <span class='ocrx_word' id='word_1_308' title='bbox 297 3532 327 3576; x_wconf 94' lang='grc' dir='ltr'><strong><em>Β</em></strong></span> 
     </span>
    </p>
   </div>
   <div class='ocr_carea' id='block_1_7' title="bbox 0 0 1208 3840">
    <p class='ocr_par' dir='ltr' id='par_1_7' title="bbox 0 0 1208 3840">
     <span class='ocr_line' id='line_1_38' title="bbox 0 0 1208 3840; baseline 0 1"><span class='ocrx_word' id='word_1_309' title='bbox 0 0 1208 3840; x_wconf 95' lang='lat' dir='ltr'> </span> 
     </span>
    </p>
   </div>
  </div>
 </body>
</html>
