<?xml version="1.0" encoding="UTF-8"?>
<!DOCTYPE html PUBLIC "-//W3C//DTD XHTML 1.0 Transitional//EN"
    "http://www.w3.org/TR/xhtml1/DTD/xhtml1-transitional.dtd">
<html xmlns="http://www.w3.org/1999/xhtml" xml:lang="en" lang="en">
 <head>
  <title>
</title>
<meta http-equiv="Content-Type" content="text/html;charset=utf-8" />
  <meta name='ocr-system' content='tesseract 3.04.00' />
  <meta name='ocr-capabilities' content='ocr_page ocr_carea ocr_par ocr_line ocrx_word'/>
</head>
<body>
  <div class='ocr_page' id='page_1' title='image "./qvintilianiqvae01quingoog_0316.png"; bbox 0 0 2408 3840; ppageno 0'>
   <div class='ocr_carea' id='block_1_1' title="bbox 390 150 1093 215">
    <p class='ocr_par' dir='ltr' id='par_1_1' title="bbox 390 150 1093 215">
     <span class='ocr_line' id='line_1_1' title="bbox 390 150 1093 215; baseline 0.017 -11"><span class='ocrx_word' id='word_1_1' title='bbox 390 150 623 206; x_wconf 80' lang='lat' dir='ltr'>DECLAMATIO</span> <span class='ocrx_word' id='word_1_2' title='bbox 642 151 694 206; x_wconf 83' lang='lat' dir='ltr'><strong>XV</strong></span> <span class='ocrx_word' id='word_1_3' title='bbox 708 157 786 206; x_wconf 83' lang='grc'><strong>4-6.</strong></span> <span class='ocrx_word' id='word_1_4' title='bbox 1030 151 1093 215; x_wconf 78' lang='grc'><strong>281</strong></span> 
     </span>
    </p>
   </div>
   <div class='ocr_carea' id='block_1_2' title="bbox 49 319 1135 2621">
    <p class='ocr_par' dir='ltr' id='par_1_2' title="bbox 56 319 1098 840">
     <span class='ocr_line' id='line_1_2' title="bbox 78 319 1096 394; baseline -0.001 -15"><span class='ocrx_word' id='word_1_5' title='bbox 78 321 199 380; x_wconf 70' lang='lat' dir='ltr'><strong>seratur</strong></span> <span class='ocrx_word' id='word_1_6' title='bbox 226 319 395 394; x_wconf 74' lang='lat' dir='ltr'><strong>infamiam,</strong></span> <span class='ocrx_word' id='word_1_7' title='bbox 421 319 594 380; x_wconf 87' lang='lat' dir='ltr'><strong>beneficium</strong></span> <span class='ocrx_word' id='word_1_8' title='bbox 621 321 700 379; x_wconf 91' lang='lat' dir='ltr'><strong>male</strong></span> <span class='ocrx_word' id='word_1_9' title='bbox 727 319 873 380; x_wconf 89' lang='lat' dir='ltr'><strong>audiendo</strong></span> <span class='ocrx_word' id='word_1_10' title='bbox 897 322 1029 380; x_wconf 87' lang='lat' dir='ltr'><strong>vertetur</strong></span> <span class='ocrx_word' id='word_1_11' title='bbox 1051 339 1096 380; x_wconf 90' lang='lat' dir='ltr'><strong>sa·</strong></span> 
     </span>
     <span class='ocr_line' id='line_1_3' title="bbox 78 408 1098 486; baseline -0.002 -17"><span class='ocrx_word' id='word_1_12' title='bbox 78 410 204 484; x_wconf 84' lang='lat' dir='ltr'><strong>nitatis,</strong></span> <span class='ocrx_word' id='word_1_13' title='bbox 236 410 396 484; x_wconf 73' lang='lat' dir='ltr'><strong>statimque</strong></span> <span class='ocrx_word' id='word_1_14' title='bbox 433 409 594 468; x_wconf 89' lang='lat' dir='ltr'><strong>merebitur</strong></span> <span class='ocrx_word' id='word_1_15' title='bbox 625 410 743 469; x_wconf 91' lang='lat' dir='ltr'><strong>sceleris</strong></span> <span class='ocrx_word' id='word_1_16' title='bbox 775 409 920 468; x_wconf 82' lang='lat' dir='ltr'><strong>invidiam</strong></span> <span class='ocrx_word' id='word_1_17' title='bbox 956 408 1098 486; x_wconf 89' lang='lat' dir='ltr'><strong>quioquid</strong></span> 
     </span>
     <span class='ocr_line' id='line_1_4' title="bbox 79 497 1098 577; baseline 0 -20"><span class='ocrx_word' id='word_1_18' title='bbox 79 498 233 577; x_wconf 82' lang='lat' dir='ltr'><strong>profuerit</strong></span> <span class='ocrx_word' id='word_1_19' title='bbox 268 499 372 557; x_wconf 83' lang='lat' dir='ltr'><strong>invito.</strong></span> <span class='ocrx_word' id='word_1_20' title='bbox 417 497 494 556; x_wconf 91' lang='lat' dir='ltr'><strong>illud</strong></span> <span class='ocrx_word' id='word_1_21' title='bbox 529 500 648 557; x_wconf 89' lang='lat' dir='ltr'><strong>tantum</strong></span> <span class='ocrx_word' id='word_1_22' title='bbox 684 498 805 557; x_wconf 86' lang='lat' dir='ltr'><strong>noxium</strong></span> <span class='ocrx_word' id='word_1_23' title='bbox 836 500 918 557; x_wconf 87' lang='lat' dir='ltr'><strong>virus</strong></span> <span class='ocrx_word' id='word_1_24' title='bbox 954 516 1098 558; x_wconf 85' lang='lat' dir='ltr'><strong>vocavere</strong></span> 
     </span>
     <span class='ocr_line' id='line_1_5' title="bbox 80 585 1098 665; baseline -0.001 -19"><span class='ocrx_word' id='word_1_25' title='bbox 80 588 165 665; x_wconf 81' lang='lat' dir='ltr'><strong>leges</strong></span> <span class='ocrx_word' id='word_1_26' title='bbox 190 586 269 662; x_wconf 90' lang='lat' dir='ltr'><strong>quod</strong></span> <span class='ocrx_word' id='word_1_27' title='bbox 291 606 351 646; x_wconf 91' lang='lat' dir='ltr'><strong>non</strong></span> <span class='ocrx_word' id='word_1_28' title='bbox 375 585 546 646; x_wconf 87' lang='lat' dir='ltr'><strong>admitteret</strong></span> <span class='ocrx_word' id='word_1_29' title='bbox 567 587 822 663; x_wconf 73' lang='lat' dir='ltr'><strong>interpretationis</strong></span> <span class='ocrx_word' id='word_1_30' title='bbox 844 586 1000 647; x_wconf 89' lang='lat' dir='ltr'><strong>incertum.</strong></span> <span class='ocrx_word' id='word_1_31' title='bbox 1041 589 1098 645; x_wconf 91' lang='lat' dir='ltr'><strong>ini-</strong></span> 
     </span>
     <span class='ocr_line' id='line_1_6' title="bbox 56 676 1098 753; baseline -0.002 -15"><span class='ocrx_word' id='word_1_32' title='bbox 56 677 261 753; x_wconf 76' lang='lat' dir='ltr'><strong>squissimum</strong></span> <span class='ocrx_word' id='word_1_33' title='bbox 284 678 329 736; x_wconf 90' lang='lat' dir='ltr'><strong>est</strong></span> <span class='ocrx_word' id='word_1_34' title='bbox 351 694 496 736; x_wconf 86' lang='lat' dir='ltr'><strong>venenum</strong></span> <span class='ocrx_word' id='word_1_35' title='bbox 518 676 614 736; x_wconf 87' lang='lat' dir='ltr'><strong>videri</strong></span> <span class='ocrx_word' id='word_1_36' title='bbox 638 677 717 751; x_wconf 91' lang='lat' dir='ltr'><strong>quod</strong></span> <span class='ocrx_word' id='word_1_37' title='bbox 743 678 776 735; x_wconf 90' lang='lat' dir='ltr'><strong>in</strong></span> <span class='ocrx_word' id='word_1_38' title='bbox 797 678 946 751; x_wconf 71' lang='lat' dir='ltr'><strong>potestate</strong></span> <span class='ocrx_word' id='word_1_39' title='bbox 969 676 1098 736; x_wconf 89' lang='lat' dir='ltr'><strong>bibentis</strong></span> 
     </span>
     <span class='ocr_line' id='line_1_7' title="bbox 82 764 458 840; baseline -0.003 -17"><span class='ocrx_word' id='word_1_40' title='bbox 82 768 139 840; x_wconf 88' lang='lat' dir='ltr'><strong>est,</strong></span> <span class='ocrx_word' id='word_1_41' title='bbox 163 783 203 823; x_wconf 88' lang='lat' dir='ltr'><strong>an</strong></span> <span class='ocrx_word' id='word_1_42' title='bbox 226 765 266 824; x_wconf 88' lang='lat' dir='ltr'><strong>sit</strong></span> <span class='ocrx_word' id='word_1_43' title='bbox 287 764 458 823; x_wconf 88' lang='lat' dir='ltr'><strong>remedium.</strong></span> 
     </span>
    </p>

    <p class='ocr_par' dir='ltr' id='par_1_3' title="bbox 80 852 1099 1110">
     <span class='ocr_line' id='line_1_8' title="bbox 98 852 1099 930; baseline 0.002 -18"><span class='ocrx_word' id='word_1_44' title='bbox 98 858 103 865; x_wconf 82' lang='lat'>&#39;</span> <span class='ocrx_word' id='word_1_45' title='bbox 152 852 260 928; x_wconf 81' lang='lat' dir='ltr'><strong>Sentit,</strong></span> <span class='ocrx_word' id='word_1_46' title='bbox 278 853 399 926; x_wconf 89' lang='lat' dir='ltr'><strong>iudices,</strong></span> <span class='ocrx_word' id='word_1_47' title='bbox 417 854 532 914; x_wconf 88' lang='lat' dir='ltr'><strong>iuvenis</strong></span> <span class='ocrx_word' id='word_1_48' title='bbox 551 856 661 913; x_wconf 88' lang='lat' dir='ltr'><strong>crimen</strong></span> <span class='ocrx_word' id='word_1_49' title='bbox 679 854 759 930; x_wconf 90' lang='lat' dir='ltr'><strong>quod</strong></span> <span class='ocrx_word' id='word_1_50' title='bbox 778 855 894 929; x_wconf 86' lang='lat' dir='ltr'><strong>detulit,</strong></span> <span class='ocrx_word' id='word_1_51' title='bbox 908 872 962 912; x_wconf 87' lang='lat' dir='ltr'><strong>nee</strong></span> <span class='ocrx_word' id='word_1_52' title='bbox 980 855 1099 914; x_wconf 88' lang='lat' dir='ltr'><strong>nomine</strong></span> 
     </span>
     <span class='ocr_line' id='line_1_9' title="bbox 80 941 1098 1021; baseline -0.001 -19"><span class='ocrx_word' id='word_1_53' title='bbox 80 961 139 1003; x_wconf 89' lang='lat' dir='ltr'><strong>neo</strong></span> <span class='ocrx_word' id='word_1_54' title='bbox 163 942 269 1001; x_wconf 84' lang='lat' dir='ltr'><strong>effectu</strong></span> <span class='ocrx_word' id='word_1_55' title='bbox 292 943 483 1018; x_wconf 80' lang='lat' dir='ltr'><strong>scriptionem</strong></span> <span class='ocrx_word' id='word_1_56' title='bbox 506 944 580 1021; x_wconf 82' lang='lat' dir='ltr'><strong>legis</strong></span> <span class='ocrx_word' id='word_1_57' title='bbox 603 944 734 1019; x_wconf 90' lang='lat' dir='ltr'><strong>implere.</strong></span> <span class='ocrx_word' id='word_1_58' title='bbox 771 945 873 1019; x_wconf 89' lang='lat' dir='ltr'><strong>itaque</strong></span> <span class='ocrx_word' id='word_1_59' title='bbox 896 963 931 1002; x_wconf 86' lang='lat' dir='ltr'><strong>ex</strong></span> <span class='ocrx_word' id='word_1_60' title='bbox 954 941 1098 1002; x_wconf 89' lang='lat' dir='ltr'><strong>vocabulo</strong></span> 
     </span>
     <span class='ocr_line' id='line_1_10' title="bbox 81 1027 1097 1110; baseline 0 -19"><span class='ocrx_word' id='word_1_61' title='bbox 81 1033 220 1091; x_wconf 91' lang='lat' dir='ltr'><strong>mulieris</strong></span> <span class='ocrx_word' id='word_1_62' title='bbox 244 1033 361 1106; x_wconf 83' lang='lat' dir='ltr'><strong>quaerit</strong></span> <span class='ocrx_word' id='word_1_63' title='bbox 382 1032 534 1091; x_wconf 85' lang='lat' dir='ltr'><strong>invidiam.</strong></span> <span class='ocrx_word' id='word_1_64' title='bbox 582 1027 797 1110; x_wconf 80' lang='lat' dir='ltr'><strong>‘meretricem&#39;,</strong></span> <span class='ocrx_word' id='word_1_65' title='bbox 822 1034 935 1107; x_wconf 88' lang='lat' dir='ltr'><strong>inquit,</strong></span> <span class='ocrx_word' id='word_1_66' title='bbox 960 1027 1097 1091; x_wconf 83' lang='lat' dir='ltr'><strong>‘accuso&#39;</strong></span> 
     </span>
    </p>

    <p class='ocr_par' dir='ltr' id='par_1_4' title="bbox 49 1121 1100 1553">
     <span class='ocr_line' id='line_1_11' title="bbox 49 1121 1099 1198; baseline -0.003 -16"><span class='ocrx_word' id='word_1_67' title='bbox 49 1122 191 1195; x_wconf 76' lang='lat' dir='ltr'><strong>renoscis,</strong></span> <span class='ocrx_word' id='word_1_68' title='bbox 213 1121 288 1179; x_wconf 87' lang='lat' dir='ltr'><strong>mihi</strong></span> <span class='ocrx_word' id='word_1_69' title='bbox 311 1121 403 1195; x_wconf 89' lang='lat' dir='ltr'><strong>crede,</strong></span> <span class='ocrx_word' id='word_1_70' title='bbox 426 1122 551 1196; x_wconf 87' lang='lat' dir='ltr'><strong>iuvenis,</strong></span> <span class='ocrx_word' id='word_1_71' title='bbox 573 1122 691 1181; x_wconf 89' lang='lat' dir='ltr'><strong>sceleris</strong></span> <span class='ocrx_word' id='word_1_72' title='bbox 712 1121 790 1198; x_wconf 91' lang='lat' dir='ltr'><strong>quod</strong></span> <span class='ocrx_word' id='word_1_73' title='bbox 814 1121 958 1195; x_wconf 70' lang='lat' dir='ltr'><strong>detdmti,</strong></span> <span class='ocrx_word' id='word_1_74' title='bbox 981 1121 1099 1196; x_wconf 89' lang='lat' dir='ltr'><strong>qualem</strong></span> 
     </span>
     <span class='ocr_line' id='line_1_12' title="bbox 81 1209 1099 1287; baseline 0 -19"><span class='ocrx_word' id='word_1_75' title='bbox 81 1209 160 1268; x_wconf 88' lang='lat' dir='ltr'><strong>mihi</strong></span> <span class='ocrx_word' id='word_1_76' title='bbox 184 1209 290 1268; x_wconf 89' lang='lat' dir='ltr'><strong>debeas</strong></span> <span class='ocrx_word' id='word_1_77' title='bbox 312 1210 525 1285; x_wconf 89' lang='lat' dir='ltr'><strong>probationem.</strong></span> <span class='ocrx_word' id='word_1_78' title='bbox 563 1230 626 1269; x_wconf 89' lang='lat' dir='ltr'><strong>rem</strong></span> <span class='ocrx_word' id='word_1_79' title='bbox 650 1212 771 1287; x_wconf 81' lang='lat' dir='ltr'><strong>expecto</strong></span> <span class='ocrx_word' id='word_1_80' title='bbox 790 1210 979 1284; x_wconf 83' lang='lat' dir='ltr'><strong>mehercules,</strong></span> <span class='ocrx_word' id='word_1_81' title='bbox 1002 1211 1037 1268; x_wconf 88' lang='lat' dir='ltr'><strong>ut</strong></span> <span class='ocrx_word' id='word_1_82' title='bbox 1060 1211 1099 1269; x_wconf 90' lang='lat' dir='ltr'><strong>sit</strong></span> 
     </span>
     <span class='ocr_line' id='line_1_13' title="bbox 83 1298 1097 1374; baseline -0.001 -16"><span class='ocrx_word' id='word_1_83' title='bbox 83 1302 156 1358; x_wconf 87' lang='lat' dir='ltr'><strong>ante</strong></span> <span class='ocrx_word' id='word_1_84' title='bbox 180 1298 279 1357; x_wconf 92' lang='lat' dir='ltr'><strong>omnia</strong></span> <span class='ocrx_word' id='word_1_85' title='bbox 301 1300 402 1357; x_wconf 81' lang='lat' dir='ltr'><strong>minax</strong></span> <span class='ocrx_word' id='word_1_86' title='bbox 425 1300 539 1373; x_wconf 85' lang='lat' dir='ltr'><strong>vultus,</strong></span> <span class='ocrx_word' id='word_1_87' title='bbox 562 1299 664 1359; x_wconf 87' lang='lat' dir='ltr'><strong>feralis</strong></span> <span class='ocrx_word' id='word_1_88' title='bbox 687 1299 820 1373; x_wconf 87' lang='lat' dir='ltr'><strong>habitus,</strong></span> <span class='ocrx_word' id='word_1_89' title='bbox 847 1300 989 1360; x_wconf 85' lang='lat' dir='ltr'><strong>horreant</strong></span> <span class='ocrx_word' id='word_1_90' title='bbox 1012 1317 1097 1374; x_wconf 88' lang='lat' dir='ltr'><strong>squa-</strong></span> 
     </span>
     <span class='ocr_line' id='line_1_14' title="bbox 83 1387 1100 1466; baseline 0 -20"><span class='ocrx_word' id='word_1_91' title='bbox 83 1388 149 1448; x_wconf 87' lang='lat' dir='ltr'><strong>lore</strong></span> <span class='ocrx_word' id='word_1_92' title='bbox 183 1389 291 1461; x_wconf 90' lang='lat' dir='ltr'><strong>crines,</strong></span> <span class='ocrx_word' id='word_1_93' title='bbox 325 1389 422 1466; x_wconf 80' lang='lat' dir='ltr'><strong>rigeat</strong></span> <span class='ocrx_word' id='word_1_94' title='bbox 453 1407 541 1464; x_wconf 87' lang='lat' dir='ltr'><strong>super</strong></span> <span class='ocrx_word' id='word_1_95' title='bbox 572 1388 715 1448; x_wconf 89' lang='lat' dir='ltr'><strong>nefandas</strong></span> <span class='ocrx_word' id='word_1_96' title='bbox 747 1389 943 1466; x_wconf 83' lang='lat' dir='ltr'><strong>cogitationes</strong></span> <span class='ocrx_word' id='word_1_97' title='bbox 978 1387 1100 1447; x_wconf 84' lang='lat' dir='ltr'><strong>efferata</strong></span> 
     </span>
     <span class='ocr_line' id='line_1_15' title="bbox 83 1475 1100 1553; baseline -0.002 -17"><span class='ocrx_word' id='word_1_98' title='bbox 83 1476 222 1536; x_wconf 80' lang='lat' dir='ltr'><strong>tristitia.</strong></span> <span class='ocrx_word' id='word_1_99' title='bbox 267 1475 382 1536; x_wconf 85' lang='lat' dir='ltr'><strong>facinus</strong></span> <span class='ocrx_word' id='word_1_100' title='bbox 406 1477 484 1552; x_wconf 92' lang='lat' dir='ltr'><strong>quod</strong></span> <span class='ocrx_word' id='word_1_101' title='bbox 512 1477 622 1536; x_wconf 90' lang='lat' dir='ltr'><strong>dicitur</strong></span> <span class='ocrx_word' id='word_1_102' title='bbox 648 1478 815 1552; x_wconf 88' lang='lat' dir='ltr'><strong>inquietare</strong></span> <span class='ocrx_word' id='word_1_103' title='bbox 842 1496 976 1553; x_wconf 89' lang='lat' dir='ltr'><strong>superos,</strong></span> <span class='ocrx_word' id='word_1_104' title='bbox 1003 1477 1100 1537; x_wconf 92' lang='lat' dir='ltr'><strong>sidera</strong></span> 
     </span>
    </p>

    <p class='ocr_par' dir='ltr' id='par_1_5' title="bbox 49 1565 1101 1999">
     <span class='ocr_line' id='line_1_16' title="bbox 49 1565 1099 1644; baseline 0 -20"><span class='ocrx_word' id='word_1_105' title='bbox 49 1583 71 1625; x_wconf 80' lang='lat' dir='ltr'><strong>u</strong></span> <span class='ocrx_word' id='word_1_106' title='bbox 85 1565 160 1624; x_wconf 85' lang='lat' dir='ltr'><strong>diris</strong></span> <span class='ocrx_word' id='word_1_107' title='bbox 189 1567 303 1644; x_wconf 80' lang='lat' dir='ltr'><strong>agitare</strong></span> <span class='ocrx_word' id='word_1_108' title='bbox 331 1566 524 1639; x_wconf 83' lang='lat' dir='ltr'><strong>carminibus,</strong></span> <span class='ocrx_word' id='word_1_109' title='bbox 551 1566 696 1642; x_wconf 89' lang='lat' dir='ltr'><strong>tumulos,</strong></span> <span class='ocrx_word' id='word_1_110' title='bbox 723 1567 813 1626; x_wconf 90' lang='lat' dir='ltr'><strong>busta</strong></span> <span class='ocrx_word' id='word_1_111' title='bbox 835 1568 963 1627; x_wconf 85' lang='lat' dir='ltr'><strong>scrutari</strong></span> <span class='ocrx_word' id='word_1_112' title='bbox 985 1568 1015 1625; x_wconf 90' lang='lat' dir='ltr'><strong>et</strong></span> <span class='ocrx_word' id='word_1_113' title='bbox 1038 1586 1099 1625; x_wconf 88' lang='lat' dir='ltr'><strong>am·</strong></span> 
     </span>
     <span class='ocr_line' id='line_1_17' title="bbox 83 1654 1100 1733; baseline 0.001 -21"><span class='ocrx_word' id='word_1_114' title='bbox 83 1655 202 1732; x_wconf 86' lang='lat' dir='ltr'><strong>putatis</strong></span> <span class='ocrx_word' id='word_1_115' title='bbox 230 1654 422 1713; x_wconf 87' lang='lat' dir='ltr'><strong>cadaveribus</strong></span> <span class='ocrx_word' id='word_1_116' title='bbox 448 1657 530 1733; x_wconf 90' lang='lat' dir='ltr'><strong>ipsas</strong></span> <span class='ocrx_word' id='word_1_117' title='bbox 559 1657 592 1714; x_wconf 90' lang='lat' dir='ltr'><strong>in</strong></span> <span class='ocrx_word' id='word_1_118' title='bbox 618 1655 713 1716; x_wconf 87' lang='lat' dir='ltr'><strong>scelus</strong></span> <span class='ocrx_word' id='word_1_119' title='bbox 744 1675 858 1714; x_wconf 91' lang='lat' dir='ltr'><strong>armare</strong></span> <span class='ocrx_word' id='word_1_120' title='bbox 885 1658 1008 1731; x_wconf 89' lang='lat' dir='ltr'><strong>mortes,</strong></span> <span class='ocrx_word' id='word_1_121' title='bbox 1036 1655 1100 1713; x_wconf 80' lang='lat' dir='ltr'><strong>fieri</strong></span> 
     </span>
     <span class='ocr_line' id='line_1_18' title="bbox 84 1744 1101 1821; baseline 0 -19"><span class='ocrx_word' id='word_1_122' title='bbox 84 1762 148 1803; x_wconf 89' lang='lat' dir='ltr'><strong>non</strong></span> <span class='ocrx_word' id='word_1_123' title='bbox 171 1745 282 1818; x_wconf 87' lang='lat' dir='ltr'><strong>potest,</strong></span> <span class='ocrx_word' id='word_1_124' title='bbox 310 1746 345 1802; x_wconf 89' lang='lat' dir='ltr'><strong>ut</strong></span> <span class='ocrx_word' id='word_1_125' title='bbox 368 1747 520 1803; x_wconf 81' lang='lat' dir='ltr'><strong>auctorem</strong></span> <span class='ocrx_word' id='word_1_126' title='bbox 547 1762 632 1802; x_wconf 87' lang='lat' dir='ltr'><strong>suum</strong></span> <span class='ocrx_word' id='word_1_127' title='bbox 655 1763 715 1803; x_wconf 93' lang='lat' dir='ltr'><strong>non</strong></span> <span class='ocrx_word' id='word_1_128' title='bbox 743 1746 846 1803; x_wconf 85' lang='lat' dir='ltr'><strong>statim</strong></span> <span class='ocrx_word' id='word_1_129' title='bbox 872 1747 969 1821; x_wconf 87' lang='lat' dir='ltr'><strong>primo</strong></span> <span class='ocrx_word' id='word_1_130' title='bbox 992 1744 1101 1820; x_wconf 88' lang='lat' dir='ltr'><strong>prodat</strong></span> 
     </span>
     <span class='ocr_line' id='line_1_19' title="bbox 86 1831 1100 1911; baseline 0 -21"><span class='ocrx_word' id='word_1_131' title='bbox 86 1834 218 1910; x_wconf 79' lang='lat' dir='ltr'><strong>aspectu.</strong></span> <span class='ocrx_word' id='word_1_132' title='bbox 255 1831 337 1892; x_wconf 81' lang='lat' dir='ltr'><strong>vides</strong></span> <span class='ocrx_word' id='word_1_133' title='bbox 360 1832 505 1892; x_wconf 86' lang='lat' dir='ltr'><strong>veneficae</strong></span> <span class='ocrx_word' id='word_1_134' title='bbox 529 1851 588 1893; x_wconf 92' lang='lat' dir='ltr'><strong>non</strong></span> <span class='ocrx_word' id='word_1_135' title='bbox 610 1833 746 1893; x_wconf 90' lang='lat' dir='ltr'><strong>horridos</strong></span> <span class='ocrx_word' id='word_1_136' title='bbox 769 1835 871 1893; x_wconf 85' lang='lat' dir='ltr'><strong>vultus</strong></span> <span class='ocrx_word' id='word_1_137' title='bbox 893 1833 1100 1911; x_wconf 86' lang='lat' dir='ltr'><strong>placidamque</strong></span> 
     </span>
     <span class='ocr_line' id='line_1_20' title="bbox 80 1920 1101 1999; baseline -0.003 -17"><span class='ocrx_word' id='word_1_138' title='bbox 80 1921 204 1982; x_wconf 76' lang='lat' dir='ltr'><strong>idaiam.</strong></span> <span class='ocrx_word' id='word_1_139' title='bbox 250 1923 276 1981; x_wconf 92' lang='lat' dir='ltr'><strong>si</strong></span> <span class='ocrx_word' id='word_1_140' title='bbox 298 1920 507 1999; x_wconf 83' lang='lat' dir='ltr'><strong>cogitationes,</strong></span> <span class='ocrx_word' id='word_1_141' title='bbox 535 1922 560 1981; x_wconf 92' lang='lat' dir='ltr'><strong>si</strong></span> <span class='ocrx_word' id='word_1_142' title='bbox 588 1922 713 1981; x_wconf 89' lang='lat' dir='ltr'><strong>consilia</strong></span> <span class='ocrx_word' id='word_1_143' title='bbox 738 1925 916 1998; x_wconf 72' lang='lat' dir='ltr'><strong>pertractet,</strong></span> <span class='ocrx_word' id='word_1_144' title='bbox 943 1923 1007 1981; x_wconf 90' lang='lat' dir='ltr'><strong>sola</strong></span> <span class='ocrx_word' id='word_1_145' title='bbox 1029 1940 1101 1981; x_wconf 89' lang='lat' dir='ltr'><strong>cura</strong></span> 
     </span>
    </p>

    <p class='ocr_par' dir='ltr' id='par_1_6' title="bbox 49 2010 1135 2353">
     <span class='ocr_line' id='line_1_21' title="bbox 49 2010 1101 2085; baseline -0.001 -15"><span class='ocrx_word' id='word_1_146' title='bbox 49 2010 124 2070; x_wconf 79' lang='lat' dir='ltr'><strong>sade</strong></span> <span class='ocrx_word' id='word_1_147' title='bbox 152 2011 263 2084; x_wconf 83' lang='lat' dir='ltr'><strong>forma,</strong></span> <span class='ocrx_word' id='word_1_148' title='bbox 290 2010 384 2069; x_wconf 91' lang='lat' dir='ltr'><strong>omnis</strong></span> <span class='ocrx_word' id='word_1_149' title='bbox 411 2013 443 2069; x_wconf 92' lang='lat' dir='ltr'><strong>in</strong></span> <span class='ocrx_word' id='word_1_150' title='bbox 469 2011 525 2069; x_wconf 91' lang='lat' dir='ltr'><strong>hoc</strong></span> <span class='ocrx_word' id='word_1_151' title='bbox 552 2010 673 2071; x_wconf 90' lang='lat' dir='ltr'><strong>conlata</strong></span> <span class='ocrx_word' id='word_1_152' title='bbox 699 2012 869 2085; x_wconf 87' lang='lat' dir='ltr'><strong>meditatio,</strong></span> <span class='ocrx_word' id='word_1_153' title='bbox 898 2013 933 2069; x_wconf 89' lang='lat' dir='ltr'><strong>ut</strong></span> <span class='ocrx_word' id='word_1_154' title='bbox 960 2011 1101 2070; x_wconf 89' lang='lat' dir='ltr'><strong>sollicitet</strong></span> 
     </span>
     <span class='ocr_line' id='line_1_22' title="bbox 87 2097 1135 2176; baseline -0.005 -18"><span class='ocrx_word' id='word_1_155' title='bbox 87 2101 223 2176; x_wconf 87' lang='lat' dir='ltr'><strong>aspectu,</strong></span> <span class='ocrx_word' id='word_1_156' title='bbox 250 2117 383 2159; x_wconf 88' lang='lat' dir='ltr'><strong>sermone</strong></span> <span class='ocrx_word' id='word_1_157' title='bbox 410 2099 549 2159; x_wconf 91' lang='lat' dir='ltr'><strong>detineat.</strong></span> <span class='ocrx_word' id='word_1_158' title='bbox 596 2100 685 2159; x_wconf 89' lang='lat' dir='ltr'><strong>audio</strong></span> <span class='ocrx_word' id='word_1_159' title='bbox 713 2101 836 2160; x_wconf 86' lang='lat' dir='ltr'><strong>subinde</strong></span> <span class='ocrx_word' id='word_1_160' title='bbox 868 2103 985 2159; x_wconf 87' lang='lat' dir='ltr'><strong>exactas</strong></span> <span class='ocrx_word' id='word_1_161' title='bbox 1016 2097 1135 2158; x_wconf 76' lang='lat' dir='ltr'><strong>merod</strong></span> 
     </span>
     <span class='ocr_line' id='line_1_23' title="bbox 86 2188 1100 2264; baseline -0.002 -17"><span class='ocrx_word' id='word_1_162' title='bbox 86 2189 198 2260; x_wconf 84' lang='lat' dir='ltr'><strong>noctes,</strong></span> <span class='ocrx_word' id='word_1_163' title='bbox 212 2190 273 2261; x_wconf 86' lang='lat' dir='ltr'><strong>tua,</strong></span> <span class='ocrx_word' id='word_1_164' title='bbox 291 2188 406 2264; x_wconf 91' lang='lat' dir='ltr'><strong>mulier,</strong></span> <span class='ocrx_word' id='word_1_165' title='bbox 426 2188 572 2263; x_wconf 82' lang='lat' dir='ltr'><strong>convivia,</strong></span> <span class='ocrx_word' id='word_1_166' title='bbox 585 2189 718 2264; x_wconf 90' lang='lat' dir='ltr'><strong>perditas</strong></span> <span class='ocrx_word' id='word_1_167' title='bbox 737 2189 902 2248; x_wconf 87' lang='lat' dir='ltr'><strong>amantium</strong></span> <span class='ocrx_word' id='word_1_168' title='bbox 920 2190 1008 2248; x_wconf 77' lang='lat' dir='ltr'><strong>rixas.</strong></span> <span class='ocrx_word' id='word_1_169' title='bbox 1040 2207 1100 2246; x_wconf 89' lang='lat' dir='ltr'><strong>me·</strong></span> 
     </span>
     <span class='ocr_line' id='line_1_24' title="bbox 86 2277 917 2353; baseline -0.002 -17"><span class='ocrx_word' id='word_1_170' title='bbox 86 2277 204 2337; x_wconf 74' lang='lat' dir='ltr'><strong>retritis</strong></span> <span class='ocrx_word' id='word_1_171' title='bbox 227 2296 320 2335; x_wconf 91' lang='lat' dir='ltr'><strong>unum</strong></span> <span class='ocrx_word' id='word_1_172' title='bbox 342 2277 517 2337; x_wconf 84' lang='lat' dir='ltr'><strong>veneficium</strong></span> <span class='ocrx_word' id='word_1_173' title='bbox 539 2281 592 2353; x_wconf 91' lang='lat' dir='ltr'><strong>est,</strong></span> <span class='ocrx_word' id='word_1_174' title='bbox 615 2297 653 2338; x_wconf 90' lang='lat' dir='ltr'><strong>ne</strong></span> <span class='ocrx_word' id='word_1_175' title='bbox 676 2277 792 2338; x_wconf 89' lang='lat' dir='ltr'><strong>desinat</strong></span> <span class='ocrx_word' id='word_1_176' title='bbox 815 2277 917 2336; x_wconf 88' lang='lat' dir='ltr'><strong>amari.</strong></span> 
     </span>
    </p>

    <p class='ocr_par' dir='ltr' id='par_1_7' title="bbox 93 2365 1101 2443">
     <span class='ocr_line' id='line_1_25' title="bbox 93 2365 1101 2443; baseline 0.005 -24"><span class='ocrx_word' id='word_1_177' title='bbox 93 2414 96 2419; x_wconf 89' lang='grc'><em>,</em></span> <span class='ocrx_word' id='word_1_178' title='bbox 154 2365 309 2441; x_wconf 87' lang='lat' dir='ltr'><strong>Numquid</strong></span> <span class='ocrx_word' id='word_1_179' title='bbox 326 2367 438 2442; x_wconf 88' lang='lat' dir='ltr'><strong>inique,</strong></span> <span class='ocrx_word' id='word_1_180' title='bbox 461 2366 581 2441; x_wconf 87' lang='lat' dir='ltr'><strong>iudices,</strong></span> <span class='ocrx_word' id='word_1_181' title='bbox 604 2367 636 2424; x_wconf 93' lang='lat' dir='ltr'><strong>in</strong></span> <span class='ocrx_word' id='word_1_182' title='bbox 653 2368 734 2426; x_wconf 89' lang='lat' dir='ltr'><strong>tanti</strong></span> <span class='ocrx_word' id='word_1_183' title='bbox 751 2367 868 2426; x_wconf 87' lang='lat' dir='ltr'><strong>sceleris</strong></span> <span class='ocrx_word' id='word_1_184' title='bbox 887 2365 1101 2443; x_wconf 88' lang='lat' dir='ltr'><strong>subscriptione</strong></span> 
     </span>
    </p>

    <p class='ocr_par' dir='ltr' id='par_1_8' title="bbox 49 2452 1102 2621">
     <span class='ocr_line' id='line_1_26' title="bbox 49 2452 1102 2531; baseline 0 -19"><span class='ocrx_word' id='word_1_185' title='bbox 49 2470 75 2514; x_wconf 80' lang='lat' dir='ltr'><strong>as</strong></span> <span class='ocrx_word' id='word_1_186' title='bbox 88 2455 224 2531; x_wconf 88' lang='lat' dir='ltr'><strong>deposco,</strong></span> <span class='ocrx_word' id='word_1_187' title='bbox 247 2473 285 2513; x_wconf 93' lang='lat' dir='ltr'><strong>ne</strong></span> <span class='ocrx_word' id='word_1_188' title='bbox 307 2455 475 2514; x_wconf 90' lang='lat' dir='ltr'><strong>nominibus</strong></span> <span class='ocrx_word' id='word_1_189' title='bbox 493 2474 558 2516; x_wconf 87' lang='lat' dir='ltr'><strong>reos</strong></span> <span class='ocrx_word' id='word_1_190' title='bbox 577 2456 677 2515; x_wconf 88' lang='lat' dir='ltr'><strong>velitis</strong></span> <span class='ocrx_word' id='word_1_191' title='bbox 701 2457 858 2515; x_wconf 87' lang='lat' dir='ltr'><strong>aestimare</strong></span> <span class='ocrx_word' id='word_1_192' title='bbox 881 2454 932 2515; x_wconf 90' lang='lat' dir='ltr'><strong>sed</strong></span> <span class='ocrx_word' id='word_1_193' title='bbox 950 2452 1102 2513; x_wconf 75' lang='lat' dir='ltr'><strong>moribus?</strong></span> 
     </span>
     <span class='ocr_line' id='line_1_27' title="bbox 88 2542 1102 2621; baseline -0.001 -18"><span class='ocrx_word' id='word_1_194' title='bbox 88 2542 218 2603; x_wconf 79' lang='lat' dir='ltr'><strong>venefica</strong></span> <span class='ocrx_word' id='word_1_195' title='bbox 245 2547 299 2602; x_wconf 87' lang='lat' dir='ltr'><strong>tua</strong></span> <span class='ocrx_word' id='word_1_196' title='bbox 327 2544 398 2619; x_wconf 90' lang='lat' dir='ltr'><strong>quid</strong></span> <span class='ocrx_word' id='word_1_197' title='bbox 424 2545 507 2621; x_wconf 91' lang='lat' dir='ltr'><strong>prius</strong></span> <span class='ocrx_word' id='word_1_198' title='bbox 534 2563 680 2620; x_wconf 89' lang='lat' dir='ltr'><strong>unquam,</strong></span> <span class='ocrx_word' id='word_1_199' title='bbox 709 2544 780 2620; x_wconf 90' lang='lat' dir='ltr'><strong>quid</strong></span> <span class='ocrx_word' id='word_1_200' title='bbox 808 2545 904 2604; x_wconf 91' lang='lat' dir='ltr'><strong>simile</strong></span> <span class='ocrx_word' id='word_1_201' title='bbox 934 2542 1102 2604; x_wconf 77' lang='lat' dir='ltr'><strong>commisit?</strong></span> 
     </span>
    </p>
   </div>
   <div class='ocr_carea' id='block_1_3' title="bbox 87 2695 1116 3420">
    <p class='ocr_par' dir='ltr' id='par_1_9' title="bbox 87 2695 1116 3420">
     <span class='ocr_line' id='line_1_28' title="bbox 161 2695 1049 2763; baseline -0.001 -15"><span class='ocrx_word' id='word_1_202' title='bbox 161 2701 175 2748; x_wconf 91' lang='lat'>1</span> <span class='ocrx_word' id='word_1_203' title='bbox 195 2695 314 2749; x_wconf 83' lang='lat' dir='ltr'><strong>infamia</strong></span> <span class='ocrx_word' id='word_1_204' title='bbox 331 2704 353 2747; x_wconf 77' lang='lat' dir='ltr'><strong><em>V</em></strong></span> <span class='ocrx_word' id='word_1_205' title='bbox 427 2695 562 2752; x_wconf 85' lang='lat' dir='ltr'><strong>beneficio</strong></span> <span class='ocrx_word' id='word_1_206' title='bbox 582 2705 650 2749; x_wconf 72' lang='lat' dir='ltr'><strong>nvo</strong></span> <span class='ocrx_word' id='word_1_207' title='bbox 719 2695 822 2750; x_wconf 91' lang='lat' dir='ltr'><strong>diendo</strong></span> <span class='ocrx_word' id='word_1_208' title='bbox 840 2706 875 2763; x_wconf 88' lang='grc' dir='ltr'><strong>Β,</strong></span> <span class='ocrx_word' id='word_1_209' title='bbox 894 2695 1049 2750; x_wconf 81' lang='lat' dir='ltr'><strong>dicendoo</strong></span> 
     </span>
     <span class='ocr_line' id='line_1_29' title="bbox 88 2767 1106 2835; baseline 0 -16"><span class='ocrx_word' id='word_1_210' title='bbox 88 2767 212 2822; x_wconf 81' lang='lat' dir='ltr'><strong>vertetur</strong></span> <span class='ocrx_word' id='word_1_211' title='bbox 225 2767 316 2821; x_wconf 80' lang='lat' dir='ltr'><strong>Desa:</strong></span> <span class='ocrx_word' id='word_1_212' title='bbox 336 2769 368 2820; x_wconf 88' lang='lat' dir='ltr'><strong>at</strong></span> <span class='ocrx_word' id='word_1_213' title='bbox 382 2769 482 2834; x_wconf 67' lang='lat' dir='ltr'><strong>etilo,</strong></span> <span class='ocrx_word' id='word_1_214' title='bbox 500 2769 533 2820; x_wconf 87' lang='lat' dir='ltr'><strong>ut</strong></span> <span class='ocrx_word' id='word_1_215' title='bbox 547 2767 583 2822; x_wconf 88' lang='lat' dir='ltr'><strong>ad</strong></span> <span class='ocrx_word' id='word_1_216' title='bbox 597 2776 627 2834; x_wconf 70' lang='grc' dir='ltr'><strong>νς</strong></span> <span class='ocrx_word' id='word_1_217' title='bbox 646 2767 749 2821; x_wconf 83' lang='lat' dir='ltr'><strong>vitetur</strong></span> <span class='ocrx_word' id='word_1_218' title='bbox 763 2777 808 2832; x_wconf 72' lang='lat' dir='ltr'><strong>Ma</strong></span> <span class='ocrx_word' id='word_1_219' title='bbox 861 2769 1003 2820; x_wconf 66' lang='lat' dir='ltr'><strong>astatum</strong></span> <span class='ocrx_word' id='word_1_220' title='bbox 1017 2781 1071 2835; x_wconf 87' lang='lat' dir='ltr'><strong>que</strong></span> <span class='ocrx_word' id='word_1_221' title='bbox 1085 2775 1106 2818; x_wconf 77' lang='lat' dir='ltr'><strong><em>V</em></strong></span> 
     </span>
     <span class='ocr_line' id='line_1_30' title="bbox 88 2836 1102 2906; baseline -0.001 -16"><span class='ocrx_word' id='word_1_222' title='bbox 88 2841 104 2890; x_wconf 83' lang='lat'><em>8</em></span> <span class='ocrx_word' id='word_1_223' title='bbox 121 2847 307 2892; x_wconf 73' lang='lat' dir='ltr'><strong>vocarem</strong></span> <span class='ocrx_word' id='word_1_224' title='bbox 358 2843 374 2890; x_wconf 79' lang='lat' dir='ltr'><strong>t</strong></span> <span class='ocrx_word' id='word_1_225' title='bbox 392 2854 529 2893; x_wconf 81' lang='lat' dir='ltr'><strong>venenum</strong></span> <span class='ocrx_word' id='word_1_226' title='bbox 539 2870 572 2880; x_wconf 92' lang='lat'>-</span> <span class='ocrx_word' id='word_1_227' title='bbox 584 2840 627 2893; x_wconf 86' lang='lat' dir='ltr'><strong>est</strong></span> <span class='ocrx_word' id='word_1_228' title='bbox 640 2839 657 2893; x_wconf 81' lang='lat' dir='ltr'><strong>t.</strong></span> <span class='ocrx_word' id='word_1_229' title='bbox 670 2843 687 2892; x_wconf 86' lang='grc'><strong><em>6</em></strong></span> <span class='ocrx_word' id='word_1_230' title='bbox 701 2855 749 2893; x_wconf 86' lang='lat' dir='ltr'><strong>om.</strong></span> <span class='ocrx_word' id='word_1_231' title='bbox 762 2847 790 2890; x_wconf 97' lang='grc' dir='ltr'><strong><em>Β</em></strong></span> <span class='ocrx_word' id='word_1_232' title='bbox 832 2853 970 2892; x_wconf 84' lang='lat' dir='ltr'><strong>venenum</strong></span> <span class='ocrx_word' id='word_1_233' title='bbox 988 2843 1013 2892; x_wconf 87' lang='lat' dir='ltr'><strong>ct</strong></span> <span class='ocrx_word' id='word_1_234' title='bbox 1026 2836 1102 2906; x_wconf 88' lang='lat' dir='ltr'><strong>quod</strong></span> 
     </span>
     <span class='ocr_line' id='line_1_31' title="bbox 88 2908 1101 2981; baseline -0.002 -18"><span class='ocrx_word' id='word_1_235' title='bbox 88 2910 299 2976; x_wconf 74' lang='lat' dir='ltr'><strong>-estom.l1,</strong></span> <span class='ocrx_word' id='word_1_236' title='bbox 318 2908 479 2965; x_wconf 73' lang='lat' dir='ltr'><strong>add-eia</strong></span> <span class='ocrx_word' id='word_1_237' title='bbox 496 2927 581 2981; x_wconf 67' lang='lat' dir='ltr'><strong>marc.</strong></span> <span class='ocrx_word' id='word_1_238' title='bbox 632 2909 738 2964; x_wconf 88' lang='lat' dir='ltr'><strong>videre:</strong></span> <span class='ocrx_word' id='word_1_239' title='bbox 758 2909 900 2974; x_wconf 79' lang='lat' dir='ltr'><strong>iudicese</strong></span> <span class='ocrx_word' id='word_1_240' title='bbox 949 2909 1101 2962; x_wconf 73' lang='lat' dir='ltr'><strong>torimen:</strong></span> 
     </span>
     <span class='ocr_line' id='line_1_32' title="bbox 87 2979 1101 3049; baseline 0 -15"><span class='ocrx_word' id='word_1_241' title='bbox 87 2995 226 3035; x_wconf 86' lang='lat' dir='ltr'><strong>venenum</strong></span> <span class='ocrx_word' id='word_1_242' title='bbox 244 2989 277 3034; x_wconf 75' lang='grc' dir='ltr'><strong><em>Β</em></strong></span> <span class='ocrx_word' id='word_1_243' title='bbox 333 2996 369 3034; x_wconf 91' lang='lat' dir='ltr'><strong>ne</strong></span> <span class='ocrx_word' id='word_1_244' title='bbox 387 2981 498 3034; x_wconf 90' lang='lat' dir='ltr'><strong>nomine</strong></span> <span class='ocrx_word' id='word_1_245' title='bbox 517 2991 541 3035; x_wconf 76' lang='lat' dir='ltr'><strong><em>J</em></strong></span> <span class='ocrx_word' id='word_1_246' title='bbox 602 2986 688 3036; x_wconf 71' lang='lat' dir='ltr'><strong>tneo</strong></span> <span class='ocrx_word' id='word_1_247' title='bbox 707 2986 770 3035; x_wconf 77' lang='lat' dir='ltr'><strong>acte</strong></span> <span class='ocrx_word' id='word_1_248' title='bbox 789 2979 890 3036; x_wconf 86' lang='lat' dir='ltr'><strong>effectu</strong></span> <span class='ocrx_word' id='word_1_249' title='bbox 909 2998 959 3035; x_wconf 86' lang='lat' dir='ltr'><strong>om.</strong></span> <span class='ocrx_word' id='word_1_250' title='bbox 973 2990 1008 3048; x_wconf 85' lang='grc' dir='ltr'><strong>Β,</strong></span> <span class='ocrx_word' id='word_1_251' title='bbox 1026 2997 1101 3049; x_wconf 79' lang='lat' dir='ltr'><strong>supr.</strong></span> 
     </span>
     <span class='ocr_line' id='line_1_33' title="bbox 88 3049 1034 3120; baseline 0 -15"><span class='ocrx_word' id='word_1_252' title='bbox 88 3061 105 3105; x_wconf 73' lang='grc' dir='ltr'><strong><em>ι</em></strong></span> <span class='ocrx_word' id='word_1_253' title='bbox 177 3049 250 3120; x_wconf 81' lang='lat' dir='ltr'><strong>legis</strong></span> <span class='ocrx_word' id='word_1_254' title='bbox 267 3050 344 3106; x_wconf 86' lang='lat' dir='ltr'><strong>valet</strong></span> <span class='ocrx_word' id='word_1_255' title='bbox 361 3051 479 3120; x_wconf 84' lang='lat' dir='ltr'><strong>implere</strong></span> <span class='ocrx_word' id='word_1_256' title='bbox 497 3061 530 3106; x_wconf 75' lang='grc' dir='ltr'><em>Μ</em></span> <span class='ocrx_word' id='word_1_257' title='bbox 603 3068 636 3106; x_wconf 85' lang='lat' dir='ltr'><strong>ex</strong></span> <span class='ocrx_word' id='word_1_258' title='bbox 655 3069 705 3107; x_wconf 86' lang='lat' dir='ltr'><strong>om.</strong></span> <span class='ocrx_word' id='word_1_259' title='bbox 719 3061 748 3106; x_wconf 90' lang='grc' dir='ltr'><strong><em>Β</em></strong></span> <span class='ocrx_word' id='word_1_260' title='bbox 828 3056 861 3105; x_wconf 90' lang='grc'><strong>10</strong></span> <span class='ocrx_word' id='word_1_261' title='bbox 880 3051 992 3107; x_wconf 85' lang='lat' dir='ltr'><strong>credere</strong></span> <span class='ocrx_word' id='word_1_262' title='bbox 1009 3061 1034 3105; x_wconf 76' lang='lat' dir='ltr'><em>J</em></span> 
     </span>
     <span class='ocr_line' id='line_1_34' title="bbox 88 3121 1103 3191; baseline -0.003 -14"><span class='ocrx_word' id='word_1_263' title='bbox 88 3121 204 3178; x_wconf 83' lang='lat' dir='ltr'><strong>sceleris</strong></span> <span class='ocrx_word' id='word_1_264' title='bbox 220 3137 270 3177; x_wconf 74' lang='lat' dir='ltr'><strong>oca,</strong></span> <span class='ocrx_word' id='word_1_265' title='bbox 285 3132 309 3176; x_wconf 76' lang='lat' dir='ltr'><strong><em>J</em></strong></span> <span class='ocrx_word' id='word_1_266' title='bbox 343 3128 393 3176; x_wconf 63' lang='lat'><strong>211</strong></span> <span class='ocrx_word' id='word_1_267' title='bbox 413 3123 565 3178; x_wconf 85' lang='lat' dir='ltr'><strong>meeroules</strong></span> <span class='ocrx_word' id='word_1_268' title='bbox 583 3133 612 3176; x_wconf 94' lang='grc' dir='ltr'><strong><em>Β</em></strong></span> <span class='ocrx_word' id='word_1_269' title='bbox 665 3128 697 3178; x_wconf 79' lang='lat'><strong>12</strong></span> <span class='ocrx_word' id='word_1_270' title='bbox 717 3122 812 3177; x_wconf 82' lang='lat' dir='ltr'><strong>minax</strong></span> <span class='ocrx_word' id='word_1_271' title='bbox 831 3139 864 3177; x_wconf 77' lang='lat' dir='ltr'><strong>ec</strong></span> <span class='ocrx_word' id='word_1_272' title='bbox 881 3138 925 3176; x_wconf 87' lang='lat' dir='ltr'><strong>-as</strong></span> <span class='ocrx_word' id='word_1_273' title='bbox 939 3132 968 3175; x_wconf 95' lang='grc' dir='ltr'><strong><em>Β</em></strong></span> <span class='ocrx_word' id='word_1_274' title='bbox 1020 3137 1103 3191; x_wconf 82' lang='lat' dir='ltr'><strong>squa-</strong></span> 
     </span>
     <span class='ocr_line' id='line_1_35' title="bbox 87 3193 1105 3264; baseline -0.001 -15"><span class='ocrx_word' id='word_1_275' title='bbox 87 3193 195 3258; x_wconf 72' lang='lat' dir='ltr'><strong>loreea</strong></span> <span class='ocrx_word' id='word_1_276' title='bbox 250 3198 283 3247; x_wconf 82' lang='lat'><strong>18</strong></span> <span class='ocrx_word' id='word_1_277' title='bbox 301 3193 414 3263; x_wconf 85' lang='lat' dir='ltr'><strong>rigeant</strong></span> <span class='ocrx_word' id='word_1_278' title='bbox 428 3204 457 3248; x_wconf 86' lang='grc' dir='ltr'><strong><em>Β</em></strong></span> <span class='ocrx_word' id='word_1_279' title='bbox 510 3199 543 3247; x_wconf 79' lang='lat'><strong>15</strong></span> <span class='ocrx_word' id='word_1_280' title='bbox 561 3193 684 3248; x_wconf 86' lang='lat' dir='ltr'><strong>tumulos</strong></span> <span class='ocrx_word' id='word_1_281' title='bbox 703 3196 732 3247; x_wconf 92' lang='lat' dir='ltr'><strong>et</strong></span> <span class='ocrx_word' id='word_1_282' title='bbox 749 3193 867 3258; x_wconf 73' lang='lat' dir='ltr'><strong>bastae</strong></span> <span class='ocrx_word' id='word_1_283' title='bbox 921 3193 1060 3264; x_wconf 74' lang='lat' dir='ltr'><strong>compteri</strong></span> <span class='ocrx_word' id='word_1_284' title='bbox 1073 3203 1105 3248; x_wconf 77' lang='grc' dir='ltr'><strong><em>Β</em></strong></span> 
     </span>
     <span class='ocr_line' id='line_1_36' title="bbox 89 3264 1068 3333; baseline -0.003 -13"><span class='ocrx_word' id='word_1_285' title='bbox 89 3271 121 3320; x_wconf 79' lang='lat' dir='ltr'><strong>lt</strong></span> <span class='ocrx_word' id='word_1_286' title='bbox 140 3265 258 3318; x_wconf 86' lang='lat' dir='ltr'><strong>mortes:</strong></span> <span class='ocrx_word' id='word_1_287' title='bbox 277 3281 311 3320; x_wconf 75' lang='lat' dir='ltr'><strong>es</strong></span> <span class='ocrx_word' id='word_1_288' title='bbox 329 3266 379 3319; x_wconf 70' lang='lat' dir='ltr'><strong>-us</strong></span> <span class='ocrx_word' id='word_1_289' title='bbox 397 3265 558 3332; x_wconf 52' lang='lat' dir='ltr'><strong>Bpmortis</strong></span> <span class='ocrx_word' id='word_1_290' title='bbox 576 3274 605 3333; x_wconf 63' lang='grc' dir='ltr'><strong>νς</strong></span> <span class='ocrx_word' id='word_1_291' title='bbox 624 3281 723 3320; x_wconf 88' lang='lat' dir='ltr'><strong>manus</strong></span> <span class='ocrx_word' id='word_1_292' title='bbox 742 3274 818 3331; x_wconf 55' lang='lat' dir='ltr'><strong>Maca</strong></span> <span class='ocrx_word' id='word_1_293' title='bbox 841 3264 885 3319; x_wconf 83' lang='lat' dir='ltr'><strong>vel</strong></span> <span class='ocrx_word' id='word_1_294' title='bbox 903 3281 1000 3320; x_wconf 87' lang='lat' dir='ltr'><strong>manes</strong></span> <span class='ocrx_word' id='word_1_295' title='bbox 1018 3286 1068 3318; x_wconf 70' lang='grc' dir='ltr'><strong>ιο,</strong></span> 
     </span>
     <span class='ocr_line' id='line_1_37' title="bbox 88 3335 1116 3420; baseline -0.003 -30"><span class='ocrx_word' id='word_1_296' title='bbox 88 3336 148 3392; x_wconf 86' lang='lat' dir='ltr'><strong>lieri</strong></span> <span class='ocrx_word' id='word_1_297' title='bbox 166 3345 218 3389; x_wconf 72' lang='grc' dir='ltr'><strong>Βν</strong></span> <span class='ocrx_word' id='word_1_298' title='bbox 234 3337 358 3407; x_wconf 67' lang='lat' dir='ltr'><strong>(eorm)</strong></span> <span class='ocrx_word' id='word_1_299' title='bbox 404 3342 463 3420; x_wconf 49' lang='lat'><strong>2¹⁷</strong></span> <span class='ocrx_word' id='word_1_300' title='bbox 488 3338 640 3404; x_wconf 73' lang='lat' dir='ltr'><strong>actorems</strong></span> <span class='ocrx_word' id='word_1_301' title='bbox 695 3341 746 3391; x_wconf 74' lang='grc'><strong>,19</strong></span> <span class='ocrx_word' id='word_1_302' title='bbox 766 3337 793 3392; x_wconf 85' lang='lat' dir='ltr'><strong>si</strong></span> <span class='ocrx_word' id='word_1_303' title='bbox 806 3336 943 3406; x_wconf 77' lang='lat' dir='ltr'><strong>consilia,</strong></span> <span class='ocrx_word' id='word_1_304' title='bbox 957 3337 988 3390; x_wconf 79' lang='lat' dir='ltr'><strong>ei</strong></span> <span class='ocrx_word' id='word_1_305' title='bbox 1002 3335 1116 3403; x_wconf 54' lang='lat' dir='ltr'><strong>auditae</strong></span> 
     </span>
    </p>
   </div>
   <div class='ocr_carea' id='block_1_4' title="bbox 70 3424 1190 3578">
    <p class='ocr_par' dir='ltr' id='par_1_10' title="bbox 70 3424 1190 3578">
     <span class='ocr_line' id='line_1_38' title="bbox 70 3424 1190 3578; baseline 0.028 -69"><span class='ocrx_word' id='word_1_306' title='bbox 70 3462 221 3578; x_wconf 45' lang='lat' dir='ltr'><strong>‘Iapyx</strong></span> <span class='ocrx_word' id='word_1_307' title='bbox 284 3463 321 3512; x_wconf 80' lang='lat'><strong>20</strong></span> <span class='ocrx_word' id='word_1_308' title='bbox 336 3424 447 3517; x_wconf 64' lang='lat' dir='ltr'><strong>sonatis</strong></span> <span class='ocrx_word' id='word_1_309' title='bbox 461 3471 495 3518; x_wconf 81' lang='grc' dir='ltr'><strong><em>Β</em></strong></span> <span class='ocrx_word' id='word_1_310' title='bbox 568 3470 604 3522; x_wconf 83' lang='grc'><strong>21</strong></span> <span class='ocrx_word' id='word_1_311' title='bbox 626 3429 752 3526; x_wconf 69' lang='lat' dir='ltr'><strong>exieus</strong></span> <span class='ocrx_word' id='word_1_312' title='bbox 774 3477 800 3523; x_wconf 90' lang='grc' dir='ltr'><strong><em>Β</em></strong></span> <span class='ocrx_word' id='word_1_313' title='bbox 876 3470 919 3521; x_wconf 58' lang='grc'><strong>*13)</strong></span> <span class='ocrx_word' id='word_1_314' title='bbox 938 3460 1018 3534; x_wconf 59' lang='lat' dir='ltr'><strong>&lt;iffi</strong></span> <span class='ocrx_word' id='word_1_315' title='bbox 1031 3453 1190 3538; x_wconf 48' lang='lat' dir='ltr'><strong>ffiw.</strong></span> 
     </span>
    </p>
   </div>
   <div class='ocr_carea' id='block_1_5' title="bbox 0 0 1211 3840">
    <p class='ocr_par' dir='ltr' id='par_1_11' title="bbox 0 0 1211 3840">
     <span class='ocr_line' id='line_1_39' title="bbox 0 0 1211 3840; baseline 0 0"><span class='ocrx_word' id='word_1_316' title='bbox 0 0 1211 3840; x_wconf 95' lang='lat' dir='ltr'><strong> </strong></span> 
     </span>
    </p>
   </div>
  </div>
 </body>
</html>
