2408 3840
87 147 131 212 46
436 147 545 203 MILES
564 147 752 202 manumve

87 316 209 392 quidam
230 317 366 391 perditus
389 318 584 377 contumeliae
607 336 690 376 amor
713 334 748 376 ac
771 333 886 375 summa
913 315 1096 394 flagitiorum

87 406 225 481 voluptas
247 405 405 480 inquinare
427 406 564 465 honesta:
588 407 643 465 hoc
664 407 763 481 ipsum
787 405 866 480 quod
889 407 1003 480 primus
1027 408 1097 466 ante

88 497 174 571 signa
195 495 352 570 procurrit,
376 494 455 570 quod
476 497 631 555 veteranos
653 494 712 554 tiro
734 494 894 570 praecedit,
917 494 996 570 quod
1019 494 1099 555 redit

86 584 208 659 pulvere
236 586 265 642 et
292 602 395 643 cruore
423 587 591 659 concretus,
617 584 713 658 istud,
739 583 835 658 istud,
864 583 943 660 quod
965 586 1030 642 tam
1052 586 1098 643 vir

87 676 138 731 est.
184 672 321 750 uulgaria
348 673 541 732 inritamenta
564 675 633 732 sunt
660 673 833 748 cupiditatis
859 672 972 746 forma,
999 674 1098 748 aetas3
1122 693 1133 734 a

87 762 245 840 singularis
272 781 319 821 res
343 764 388 821 est
410 761 496 822 fortis
525 762 713 822 concubinus.
758 762 827 820 illas
850 763 1016 836 cicatrices,
1043 763 1099 825 illa

85 851 223 924 vulnera,
252 851 307 911 illa
335 853 382 910 tot
412 852 548 910 eximiae-
565 851 670 910 decora
696 851 838 923 militiae,
867 851 939 926 quid
968 869 1100 926 exequar

86 941 174 1015 ultra,
201 938 384 1015 imperator?
411 941 503 1015 pudet
525 960 572 999 me
595 939 676 1016 quod
699 939 858 1017 intellegis.
903 942 1023 998 transeo
1047 939 1102 998 ob-

85 1029 180 1088 latam
202 1028 316 1088 nolenti
336 1049 491 1088 munerum
509 1030 705 1104 vacationem,
728 1031 759 1088 et
774 1028 914 1087 blandius
933 1047 1025 1104 quam
1042 1028 1099 1086 mi-

85 1117 169 1177 litiae
197 1117 355 1192 disciplina
382 1120 530 1192 postulat,
557 1117 712 1178 adulatum
733 1117 824 1176 militi
846 1117 1013 1192 tribunum,
1043 1118 1099 1175 im-
1113 1139 1139 1180 re

85 1210 204 1281 paratas
232 1209 410 1282 asperrimas
437 1207 651 1283 expeditiones,
683 1209 718 1265 ut
744 1207 974 1280 remitterentur,
1008 1225 1100 1283 saepe

86 1294 210 1370 ordinm,
234 1313 321 1371 saepe
345 1295 509 1355 adfinitatis
533 1299 602 1354 tuae
624 1297 770 1354 iactatam
792 1297 929 1372 gratiam.
975 1295 1099 1355 confite-

85 1404 162 1459 mur,
190 1382 220 1442 0.
239 1384 331 1458 Mari,
358 1385 470 1444 diutius
492 1385 569 1444 vixit
592 1385 733 1443 obscenus
757 1387 920 1460 corruptor,
943 1384 1014 1442 dum
1037 1386 1100 1444 ista

85 1473 170 1532 miles
189 1493 249 1532 non
266 1474 423 1550 intellegit.
459 1493 518 1533 uon
539 1474 633 1532 audeo
653 1473 759 1547 dicere,
780 1475 951 1549 imperator,
974 1475 1099 1550 concipe

87 1564 185 1620 animo
207 1565 349 1638 temporis
373 1563 454 1621 illius
477 1563 621 1637 habitum,
643 1564 773 1622 reforma
795 1563 991 1640 cogitationes
1014 1564 1099 1622 tuas:
1113 1586 1138 1627 ra

84 1650 116 1708 in
144 1651 211 1710 aliis
244 1652 370 1711 forsitan
400 1653 495 1710 causis
527 1651 719 1727 permittatur
750 1651 962 1728 indignitatem
989 1653 1036 1711 rei
1064 1652 1099 1711 in

85 1740 218 1798 oratione
247 1759 438 1818 exaggerare,
467 1740 503 1799 de
529 1741 640 1798 iniuria
669 1743 772 1799 nostra
800 1741 894 1800 latine
922 1742 1007 1816 queri
1037 1760 1099 1800 non

84 1847 249 1904 possumus.
295 1830 475 1904 parcendum
504 1830 602 1888 verbis
631 1832 684 1889 est.
729 1829 890 1889 inhibenda
920 1849 1032 1906 magna
1062 1849 1099 1889 ex

84 1920 170 1993 palte
184 1918 303 1976 veritas.
340 1919 604 1994 praevaricandum
622 1918 696 1976 mihi
714 1921 769 1994 est,
787 1920 813 1978 si
830 1919 974 1995 pudorem
991 1919 1097 1978 habeo.

85 2008 209 2066 conlatis
234 2025 300 2065 cum
321 2007 407 2065 hoste
430 2009 605 2085 gravissimo
629 2009 792 2068 comminus
816 2009 933 2082 castris,
959 2027 1028 2066 cum
1050 2011 1098 2067 to·
1111 2029 1138 2071 so

83 2098 160 2153 tum'
171 2095 280 2153 bellum
301 2097 429 2170 quodam
453 2115 558 2173 genere
582 2096 620 2154 ad
642 2097 749 2172 pedem
766 2098 896 2157 venisset
914 2099 944 2156 et
962 2098 1098 2155 omnium

83 2188 196 2243 mentes
210 2185 382 2243 inminentis
397 2203 514 2263 pugnae
528 2187 671 2262 cogitatio
684 2186 828 2262 inplesset
842 2186 1098 2245 circumfremente

84 2274 215 2349 undique
242 2274 368 2334 barbaro
391 2274 523 2349 ululatu,
550 2275 683 2333 Romano
710 2275 801 2333 militi
822 2293 877 2350 pro
899 2273 979 2332 vallo
1008 2293 1097 2334 excu-

83 2362 169 2421 banti
200 2365 398 2422 meretriciam
431 2364 573 2422 obscenae
604 2363 737 2422 libidinis
773 2364 951 2440 patientiam
983 2363 1097 2440 aliquis

155 2515 318 2569 tvoluntas
336 2524 369 2568 M
424 2516 571 2568 honestam
594 2525 615 2566 V
683 2515 811 2568 3reddit
833 2525 854 2566 V
921 2513 1036 2568 tistud
1056 2516 1095 2569 ot·

84 2591 237 2640 termitem.
257 2595 278 2637 V
327 2588 387 2639 tam
405 2603 480 2654 supr.
496 2595 523 2638 Β
594 2588 672 2639 best
690 2603 740 2641 om.
754 2595 789 2652 M,
808 2587 839 2639 io
856 2603 942 2656 marg.
957 2584 1060 2641 odda

82 2674 201 2779 uirgatis
219 2719 247 2764 Β
318 2657 451 2779 cupidtlatis
475 2720 496 2762 V
564 2710 729 2781 sssigularis
747 2719 776 2764 Β
845 2693 975 2764 audeo
994 2719 1023 2763 Β

83 2780 237 2834 9nolenti:
261 2780 366 2834 volenti
384 2792 414 2847 J,
433 2793 526 2836 corui
598 2798 756 2835 munerum:
780 2796 926 2834 numerum
944 2790 976 2833 Β
1047 2799 1096 2836 vo-

83 2853 224 2905 cacionem
238 2862 286 2905 Mo
298 2854 375 2921 (corr.
390 2856 435 2922 a),
453 2853 617 2906 udationem
631 2862 663 2905 M
675 2855 778 2921 (vocat-
791 2855 833 2921 m)
888 2856 922 2905 10
940 2851 1096 2922 disciplina

83 2939 115 2976 ecc
137 2939 202 2976 -nae
223 2932 251 2975 Β
316 2923 651 2993 postulatom.13,scpr.
672 2934 689 2975 Β
753 2924 909 2977 tribunum:
933 2923 1041 2977 trinum
1059 2934 1094 2991 Β,

82 2993 120 3046 bn
143 2996 174 3047 ic
197 3011 281 3064 marg.
301 2994 402 3048 addc
476 3001 506 3047 11
531 2997 564 3047 ut
582 3012 630 3048 cm.
647 3005 674 3046 Ρ
729 2995 947 3049 remitterentur:
973 2998 1095 3050 ramete-

81 3081 140 3118 rem
154 3074 187 3130 Β,
206 3082 273 3119 corr.
289 3076 319 3130 ις
338 3066 545 3119 remittetentur
565 3075 601 3125 M.
621 3083 688 3120 corr.
703 3088 735 3119 m
789 3072 822 3120 12
842 3065 1011 3119 adfinistatis
1031 3076 1060 3120 Β

82 3136 229 3189 iactatam:
249 3138 279 3189 at
292 3139 324 3190 e'c
337 3146 429 3191 caen
473 3137 667 3191 confitebimur
684 3147 708 3191 J
756 3143 788 3190 13
808 3136 893 3192 Com.
903 3146 938 3204 Β,
951 3148 1058 3206 caym

83 3209 233 3276 corruptor
250 3216 288 3272 Β,
307 3218 408 3262 corut
490 3215 522 3262 15
541 3209 646 3277 teporis
670 3218 691 3260 V
767 3209 875 3263 abitum
892 3217 927 3274 Β,
945 3208 965 3261 h
983 3220 1094 3278 cupa·

83 3284 116 3331 16
139 3277 267 3332 forsitam
287 3288 318 3331 M
386 3279 416 3331 in
440 3281 576 3333 oratione:
600 3281 630 3333 in
654 3280 798 3350 oratione}
820 3282 858 3350 (m
877 3282 923 3350 er.)
937 3289 977 3347 Βς
999 3296 1095 3334 mora·

8 3403 10 3410 ·
81 3353 164 3438 ,mig
184 3395 215 3438 M
267 3391 299 3439 17
319 3401 468 3456 exagerare
487 3396 520 3453 B,
539 3398 640 3441 corut
695 3387 748 3458 de}
765 3397 793 3440 Β
844 3388 958 3458 nostra}
976 3390 1006 3456 (n
1019 3387 1094 3458 Η)

81 3465 108 3508 Β
169 3462 202 3510 18
221 3458 264 3509 est
281 3458 406 3522 verbiee
474 3463 505 3510 19
525 3459 752 3527 privaricandum
771 3468 798 3512 P
864 3465 897 3514 20
917 3458 1048 3513 cumlatia
1067 3469 1096 3513 Β

81 3533 115 3580 22
133 3527 287 3581 imminetis
309 3539 330 3581 V
399 3535 432 3582 24
449 3530 608 3583 metriciam
627 3540 663 3597 M,
683 3549 750 3586 corr.
765 3552 797 3584 m
