2408 3840
143 177 210 241 422
459 174 861 248 axonammmsmnp

142 347 269 423 spondet
292 346 328 404 de
351 347 468 420 animo,
490 365 551 410 nou
573 347 725 422 promittit
747 345 784 404 de
807 346 880 405 fato.
920 349 986 404 tam
1009 347 1160 404 consenta-

142 455 232 494 neum
256 438 314 509 est,
340 438 458 495 utnon
481 437 628 494 moriatur
650 436 704 510 qui
730 435 818 510 velit,
846 453 939 511 quam
961 436 996 494 ut
1017 436 1163 493 moriatur

143 525 195 600 qui
218 524 302 583 nolit.
344 527 375 584 et
405 543 459 601 ego
490 524 609 599 quidem
638 523 729 582 volui.
771 523 854 600 quod
883 527 986 583 autem
1014 542 1078 582 non
1101 524 1162 598 feci,

141 613 272 673 iubentis
296 615 349 672 cst.
391 613 486 673 nescis
511 615 657 688 quantum
679 613 755 672 mihi
772 611 983 673 haesitationis
1001 615 1163 690 paraveris,

143 721 210 760 cum
228 703 401 780 interroges,
421 702 493 760 dum
510 701 689 778 respondere
706 703 796 780 cogis.
832 702 931 762 iuberi
950 703 1028 761 mibi
1045 701 1184 762 videbars

141 794 231 850 tuum
254 791 354 849 bibere
381 809 542 850 venenum:
569 810 623 850 nec
644 793 745 850 vivere
767 790 858 850 libuit
881 810 937 851 nco
960 792 1047 850 mori.
1090 791 1123 849 P.
1141 791 1163 849 si

142 881 235 940 iussio
265 880 328 940 sola
359 880 510 940 voluntati
539 880 671 955 obstitit,
705 899 759 940 our
788 881 879 939 aliter
909 881 989 939 mori
1021 878 1164 941 noluisti?

141 971 178 1028 F.
199 970 234 1028 ut
257 971 440 1028 accusationi
462 968 665 1044 respondeam.
707 970 740 1027 P.
759 969 817 1044 hic,
839 969 901 1044 hic,
924 970 1055 1043 iudices,
1080 988 1163 1046 quac

141 1058 266 1116 rendum
294 1060 339 1117 est
369 1076 421 1138 cur
448 1060 549 1117 vivere
581 1058 734 1118 absolutus
766 1059 864 1117 noluit
893 1058 947 1135 qui
974 1059 1056 1119 mori
1083 1077 1163 1118 accu-

143 1149 226 1206 satus
249 1147 353 1205 voluit
395 1149 432 1206 F.
452 1148 525 1222 quid
548 1148 689 1223 facerem,
716 1148 749 1208 P.
770 1145 823 1206 O?
844 1166 906 1223 nec¹
926 1147 1008 1207 exirc
1038 1166 1058 1207 a
1081 1149 1192 1208 domoc

141 1236 260 1309 licebat
283 1255 320 1295 ne
339 1235 456 1295 viderer
474 1255 634 1314 agnoscere
657 1240 689 1296 et
710 1236 742 1295 in
759 1237 896 1296 futurum
913 1236 1051 1297 viderem
1069 1239 1164 1316 iurgia

140 1327 205 1384 tam
228 1326 319 1402 longa
342 1344 433 1400 quam
451 1326 554 1384 vitam.
596 1327 693 1386 omnis
716 1327 794 1386 citra
816 1325 1060 1402 desperationem
1084 1327 1164 1387 dolor

140 1431 225 1472 mora
254 1413 428 1491 languescit.
475 1415 509 1472 P.
532 1417 594 1472 iam
624 1409 725 1473 omnia
754 1414 869 1474 obiecta
898 1417 1025 1474 viceras
1075 1416 1113 1474 F.
1135 1417 1165 1474 ut

141 1503 237 1577 patris
268 1503 371 1561 odium
401 1522 553 1579 nunquam
584 1505 702 1563 vincere
731 1505 825 1579 potui.
866 1522 945 1563 nuuc
975 1507 1112 1580 primum
1137 1509 1163 1563 te

142 1590 216 1649 mihi
231 1592 399 1667 opposuisti
413 1612 447 1651 eo
462 1592 542 1668 quod
556 1594 654 1652 victus
668 1592 778 1667 oderis3
792 1593 873 1668 patri
882 1592 936 1668 qui
950 1592 1094 1654 abdicare
1108 1611 1192 1654 noun

141 1680 250 1755 potuit,
273 1682 373 1740 minus
397 1684 442 1740 est
464 1681 544 1740 filius
567 1699 676 1740 nocens
695 1700 786 1757 quam
808 1681 972 1741 absolutus.
1017 1702 1163 1758 quaecun-

142 1787 199 1843 que
229 1789 320 1830 ncxus
351 1789 489 1846 accepere
518 1773 656 1846 naturae,
686 1789 746 1829 non
778 1770 918 1830 laxantur
948 1771 1090 1847 diducta,
1117 1772 1164 1832 sed

142 1862 275 1934 pereunt.
317 1860 351 1917 Ρ.
371 1859 472 1918 odium
499 1860 608 1919 saltem
633 1860 815 1935 pertulisses.
856 1860 893 1918 F.
913 1878 973 1935 quo
1002 1860 1116 1922 modo?
1140 1863 1163 1920 si

142 1948 248 2006 hilaris
272 1967 346 2022 sum,
370 1967 525 2024 exasper03
548 1949 575 2008 si
597 1950 707 2022 tristia
734 1948 864 2023 offend03
894 1950 920 2008 si
943 1949 1101 2026 alloquor,
1122 1952 1161 2008 in·

142 2039 258 2112 quiet03
289 2039 315 2096 si
339 2037 459 2111 acoed0,
483 2057 586 2112 oncro3
616 2040 643 2097 si
664 2037 783 2111 recedo,
807 2040 972 2098 contemno.
1017 2043 1074 2116 qui
1095 2041 1193 2100 bsecro

142 2127 219 2185 ferre
243 2129 355 2202 potest,
378 2128 496 2185 meruit.
538 2126 640 2186 odium
666 2129 763 2203 patris
789 2129 816 2187 is
838 2129 956 2186 tantum
982 2127 1068 2189 filius
1091 2131 1161 2189 ferre

141 2216 254 2289 poterit
294 2217 347 2290 qui
377 2219 407 2274 et
436 2218 554 2290 patrem
583 2215 689 2274 oderit
733 2235 796 2276 non
828 2215 919 2276 babet
948 2217 1048 2276 alium
1079 2237 1162 2295 quum

141 2305 246 2363 mortis
282 2307 394 2363 exitum
427 2304 507 2363 filius
541 2307 593 2380 qui
623 2323 676 2364 neo
711 2305 845 2365 abdicari
874 2307 975 2381 potest
1011 2326 1070 2366 nec
1100 2326 1162 2367 con·

142 2394 247 2451 ciliari.
289 2394 322 2450 P.
342 2395 368 2452 si
387 2396 463 2453 esset
481 2395 533 2467 ita,
557 2412 611 2452 cur
630 2394 686 2453 hoc
708 2396 809 2469 potius
832 2395 937 2454 mortis
957 2396 1092 2472 genere?
1131 2397 1162 2456 F.

141 2485 214 2556 quia
236 2501 296 2541 non
319 2482 457 2558 placebat
479 2484 647 2558 querulum,
670 2502 730 2542 non
752 2484 980 2557 tumultuosum,
1003 2504 1070 2546 non
1089 2485 1190 2562 quola

141 2571 287 2629 invidiam
310 2571 435 2646 faceret,
462 2591 521 2630 non
549 2573 642 2631 etiam
666 2573 745 2648 quod
772 2575 912 2648 intercipi
941 2573 1033 2632 facile
1058 2584 1162 2651 posset.

141 2660 173 2717 Ρ.
194 2680 247 2718 cur
274 2679 333 2718 non
361 2659 481 2719 subito?
523 2661 595 2735 quid
622 2659 769 2720 moraris?
810 2660 882 2737 quid
910 2663 1091 2737 exspectas?
1131 2665 1163 2724 F.

141 2766 202 2806 non
220 2749 384 2808 dissimulo.
417 2750 469 2808 sed
487 2750 544 2809 hoc
563 2769 581 2810 a
599 2752 780 2810 conscientia
800 2750 885 2810 habe.
921 2752 1101 2812 innocentia
1123 2773 1164 2811 ra

141 2838 305 2911 tractabat,
336 2839 392 2897 diis
423 2856 454 2897 se
489 2839 723 2898 commendabat.
770 2840 803 2898 P.
829 2858 881 2898 cur
910 2858 972 2898 non
1001 2842 1164 2902 admovisti

140 2926 269 2986 testem?
310 2929 346 2986 F.
365 2928 423 2986 tibi
446 2947 547 2987 omnes
570 2928 721 3001 favebant,
745 2948 793 2987 me
816 2947 902 2988 nemo
926 2929 1057 3003 audiret,
1080 2948 1194 2991 nemos

141 3018 344 3076 comitaretur.
386 3017 448 3077 illis
472 3037 507 3076 ex
530 3017 599 3076 odio
622 3017 680 3076 filii
704 3019 799 3093 patris
827 3020 970 3077 accrescit
992 3019 1091 3079 favor.
1133 3021 1162 3078 Ρ.

140 3122 194 3161 cur
212 3107 322 3164 ostium
341 3125 400 3164 non
420 3105 574 3166 clausisti?
611 3108 647 3166 F.
668 3109 740 3182 quia
760 3107 813 3166 alii
832 3125 892 3166 non
911 3108 1069 3182 parabam.
1106 3130 1163 3170 non

215 3280 228 3326 7
249 3275 362 3328 voluisti
386 3285 430 3328 ΠΙ
503 3281 535 3328 10
555 3274 646 3330 noluit
664 3285 709 3329 ΙἩ
781 3281 813 3329 12
832 3276 891 3329 vita
915 3286 959 3330 VB
1034 3284 1068 3332 13
1088 3295 1160 3333 mora

136 3344 232 3403 Besa:
252 3347 296 3402 ira
316 3369 337 3402 ω
419 3347 533 3402 abiecta
553 3357 599 3400 vn
677 3353 710 3400 to
729 3350 811 3415 pater
830 3357 857 3401 P
938 3349 1001 3416 qui:
1022 3352 1100 3419 quod
1122 3358 1163 3402 1'1

128 3425 168 3475 17
185 3423 323 3497 accipere
347 3433 396 3479 ΓΒ
499 3426 536 3476 ab
557 3420 670 3474 bonore
689 3425 739 3469 vn
833 3420 986 3492 attamen
1004 3443 1045 3483 w„
1060 3422 1160 3475 eom

120 3501 158 3550 26
179 3500 262 3571 quod
279 3519 336 3560 om,
358 3509 409 3556 ΓΒ
491 3501 527 3552 ‘28
545 3488 664 3547 habco?
744 3483 944 3534 innormatum
952 3490 1002 3529 w
1073 3492 1112 3533 Ὦ
1124 3502 1178 3532 unu

110 3587 165 3629 om.
199 3586 250 3631 ΓΒ
333 3583 370 3634 32
395 3574 515 3634 ostium
533 3574 635 3626 om?
712 3551 839 3624 ΨΜ
