2408 3840
364 130 599 187 DECLAMATIO
616 130 681 187 XIII
696 139 773 187 1-2.
1010 131 1074 200 247

61 319 130 360 eum
152 302 217 358 tum
238 303 339 376 parvis
359 303 450 359 etium
468 300 576 361 divites
599 303 790 376 moveantur,
813 301 950 377 etmihi,
974 320 1076 378 quam·

59 407 154 465 quam
176 391 268 465 prope
291 389 367 448 nibil
388 390 450 448 iam
471 390 610 450 relietum
633 391 776 467 estquod
798 390 960 466 perderem,
982 391 1009 450 si
1030 393 1076 450 ta·

60 498 130 538 men
148 479 208 537 ista
229 480 351 555 impune
369 479 543 538 sustinenda
560 481 629 554 sint,
643 480 787 539 solacium
806 481 864 539 erit
881 482 958 540 iram
975 483 1076 556 potius

61 586 154 643 qna—m
172 569 374 643 contemptum
396 569 471 644 pati.
507 586 561 627 neo
584 584 653 628 sane
676 570 757 628 vitae
780 586 871 628 eausa
892 571 954 628 iam
977 588 1076 646 super-

39 659 116 730 sest,
140 658 167 715 si
189 656 229 714 ad
247 659 360 716 eeteros
382 657 562 717 humilitatis
580 658 699 716 nostrae
718 659 912 717 contumelias
931 658 987 717 boe
1005 676 1077 733 quo·

62 763 119 821 que
149 744 284 820 aoeedat,
311 747 358 819 ut,
386 747 413 804 si
434 747 576 805 babemus
599 745 727 822 aliquid,
754 747 944 824 migrandum
971 748 1024 822 sit,
1051 747 1077 807 si

60 833 255 910 perdidimus,
278 834 443 893 taoendum.
479 854 573 894 unum
596 852 656 910 oro,
679 855 716 894 ne
739 837 787 895 oui
809 837 907 894 minor
930 834 1077 914 dignitate

60 925 164 982 vestm
186 923 325 982 videatur
350 941 440 984 eausa
468 924 531 984 litis
557 943 649 983 meae.
695 927 765 983 ante
788 926 889 984 omnia
916 927 995 983 enim
1017 944 1076 984 non

61 1011 178 1071 debetis
197 1013 359 1089 expeetare,
377 1013 430 1071 ubi
446 1031 562 1090 pauper
578 1031 688 1091 magna
706 1012 898 1089 perdiderim:
917 1014 968 1074 sed
985 1030 1077 1088 quan·

19 1101 163 1164 rotulum
185 1103 231 1161 est
253 1101 332 1176 quod
354 1101 513 1162 abstulerit
534 1103 610 1160 mihi
633 1102 724 1178 dives,
745 1101 844 1162 minus
867 1102 1011 1178 estquod
1032 1099 1078 1161 re·

61 1191 162 1265 liquit.
208 1192 239 1248 et
264 1193 365 1249 tamen
388 1191 454 1266 quis
481 1191 655 1269 indignetur
680 1205 749 1268 apes
772 1192 901 1251 formula
923 1191 1079 1266 vindicari,

62 1298 131 1338 oum
155 1279 275 1338 venenis
299 1281 390 1338 etiam
412 1279 529 1340 flosculi
551 1278 758 1340 vindieentur?
799 1300 876 1356 quae
898 1282 1008 1360 tumen,
1033 1283 1077 1339 iu-

62 1367 154 1441 dices,
176 1385 347 1443 quanquam
370 1387 489 1429 eversus
512 1372 543 1428 et
565 1368 602 1427 ab
625 1371 707 1429 omni
725 1365 777 1446 spe
799 1369 928 1428 tuendae
950 1387 1077 1446 pauper·

61 1458 136 1516 tatis
160 1457 306 1532 exclusus,
330 1458 469 1533 aequiore
497 1458 596 1516 animo
624 1458 724 1517 omnia
746 1460 919 1533 tolerarem,
947 1460 973 1518 si
995 1459 1078 1519 euius

21 1546 138 1608 mmihi
166 1546 298 1605 eonsoius
326 1547 431 1622 eulpae
458 1547 577 1606 etiamsi
602 1549 746 1607 iniustam
772 1566 913 1623 poenam,
939 1549 1079 1607 meritam

62 1637 166 1694 tamen
196 1637 273 1693 iram
308 1635 451 1695 tulissem.
497 1636 548 1696 sed
585 1637 835 1712 circumspicienti
867 1639 967 1696 omnia
1003 1637 1101 1719 nihil

62 1723 138 1782 mihi
161 1722 240 1782 obioi
260 1725 361 1799 potest
383 1742 402 1783 a
424 1724 526 1800 divite,
549 1727 608 1784 nisi
631 1724 711 1800 quod
733 1724 847 1785 vioinus
871 1744 944 1786 sum.

130 1812 188 1871 Est
208 1813 284 1871 mibi
304 1815 461 1889 paternus,
483 1814 609 1889 iudices,
631 1814 760 1892 ugellus,
785 1833 856 1875 sane
880 1817 1022 1894 angustus
1047 1814 1113 1873 eti

63 1919 191 1978 pauper,
222 1920 282 1960 non
309 1902 420 1962 vitibus
450 1905 594 1977 consitus,
621 1921 680 1963 non
708 1902 865 1963 frumentis
893 1905 989 1978 ferax,
1019 1923 1078 1963 non

24 1991 182 2067 npssouis
205 1991 315 2066 laetus,
342 1993 458 2050 ieiunae
478 1991 566 2051 modo
589 1992 693 2069 glebae
717 1994 807 2068 atque
829 1994 949 2052 humilis
972 1992 1079 2068 thymi,

64 2081 95 2139 et
119 2098 180 2138 non
207 2079 269 2138 late
295 2081 421 2156 pauperi
447 2099 532 2140 casae
560 2083 749 2140 eireumieota
774 2084 929 2158 possessio.
974 2100 1078 2140 verum

64 2167 139 2227 mibi
160 2167 209 2226 vel
236 2169 292 2227 hoe
318 2168 377 2228 tuit
403 2171 574 2248 gratissima
597 2170 677 2244 quod
703 2188 764 2229 non
791 2171 850 2228 fuit
874 2170 965 2248 digna
989 2188 1079 2246 quam

64 2256 148 2316 dives
175 2259 402 2333 ooneupisoeret.
447 2260 479 2316 in
506 2259 563 2318 boo
589 2276 645 2335 ego
672 2258 753 2318 vitae
780 2276 863 2318 meae
894 2261 1006 2318 seereto
1033 2279 1078 2318 re·

64 2348 163 2405 motus
182 2364 201 2404 a
218 2347 351 2406 tumultu
369 2348 500 2407 eivitatis
523 2346 654 2426 ignobile
677 2366 785 2407 aevum
804 2366 891 2425 agere
912 2349 1019 2424 procul
1042 2347 1079 2407 ab

27 2448 52 2497 π
65 2435 181 2494 ambitu
204 2437 235 2493 et
256 2438 338 2495 omni
364 2437 486 2496 maioris
514 2435 650 2495 fortunae
679 2437 843 2513 eupiditate
871 2439 1013 2495 constitui
1040 2439 1079 2513 et,

65 2520 137 2583 dum
163 2524 290 2583 molesta
316 2526 382 2603 lege
409 2528 534 2584 naturae
560 2527 703 2585 transiret
730 2527 826 2600 aetas,
848 2528 944 2585 vitam
966 2527 1078 2585 fallere.

64 2613 120 2674 boo
152 2613 228 2672 mihi
257 2615 417 2689 parvulum
448 2617 545 2673 terrae
575 2617 606 2674 et
636 2614 758 2675 humilis
789 2614 904 2693 tugurii
934 2616 1080 2674 rusticum

66 2703 183 2761 eulmen
205 2704 340 2778 aequitas
368 2703 461 2763 animi
483 2722 576 2782 regua
598 2703 722 2779 fecerat,
750 2705 881 2780 satisque
906 2704 1079 2763 divitiarum

138 2979 380 3062 1movea2turu
398 2980 445 3049 er)
460 2988 493 3032 l!
561 2978 714 3048 'ldignate
732 2987 801 3047 flu,
820 2979 843 3033 it
860 2996 936 3049 supr
951 2989 1008 3032 nm

65 3051 205 3116 tvestra3
225 3066 359 3105 arurae
375 3057 407 3102 Ι
485 3049 582 3104 9ubi:
602 3052 669 3104 uta
748 3056 780 3104 11
801 3052 954 3104 etamenfl
1023 3049 1079 3105 for-

63 3121 171 3176 mulam
185 3130 223 3188 ³3
242 3119 362 3175 formula
375 3120 472 3175 haul!
523 3124 556 3175 12
574 3121 653 3176 venis
666 3131 688 3174 V
737 3121 835 3176 etiam:
856 3124 884 3176 et
898 3131 931 3189 Ρ,
946 3138 1013 3178 cerr
1022 3143 1044 3183 p
1096 3137 1099 3151 ¹

64 3208 139 3262 quae
156 3193 267 3261 scripsi:
287 3192 362 3260 quod
381 3214 403 3245 ω
422 3192 508 3274 (quod
526 3195 669 3247 tamen=
684 3194 810 3248 attamen
828 3194 917 3263 Dese.)
992 3198 1023 3246 13
1042 3208 1079 3262 pe

65 3273 102 3332 Ι,
122 3280 275 3333 souprm
348 3269 381 3318 14
400 3277 593 3328 ommaoms
666 3263 1079 3334 magnumneque

66 3340 98 3389 19
117 3333 253 3389 frumenti
271 3347 291 3388 o
360 3340 392 3388 21
412 3335 545 3404 pauperis
565 3342 597 3387 Μ
666 3341 699 3389 22
717 3333 788 3390 haec
808 3334 856 3390 Gr
930 3340 963 3389 23
988 3334 1078 3388 dives·

64 3450 341 3585 ιιιῐ
453 3421 845 3584 miserrmus
863 3451 919 3569 ι
933 3447 1088 3567 ιιι,
