2408 3840
136 164 197 228 188
536 163 745 218 GLADlATOR

133 334 292 392 sceleratus
324 353 376 392 100
408 335 520 392 infelix.
566 333 732 408 ecquando,
764 333 890 406 iudices,
917 334 974 391 hoc
999 328 1133 392 audistis?

133 422 268 481 bonitate
291 442 344 481 sua
367 423 517 501 gladiator
539 422 635 481 factus
659 424 711 481 est.
800 419 804 429 ’

80 509 120 565 23
200 511 331 584 Utinam,
354 511 475 580 iudices,
498 512 570 570 haec
590 530 665 586 quae
687 511 735 568 illi
753 512 885 586 speciosa
906 513 985 584 sunt,
1007 513 1069 569 tam
1091 512 1135 568 ho-

133 602 217 658 nesta
240 602 336 658 essent
359 602 390 658 et
411 601 493 658 mihi.
541 602 677 674 quotiens
701 600 739 658 ad
765 599 1003 659 infelicissimum
1030 600 1135 676 respexi

133 707 231 747 senem
255 690 336 747 cuius
358 689 487 747 orbitate
505 691 583 761 vivo,
607 707 674 747 cum
692 688 859 748 confectum
878 689 1012 749 cladibus
1032 690 1062 748 et
1078 693 1136 747 tan-
1157 705 1166 746 s

132 780 197 834 tum
219 795 331 854 poenae
350 797 420 836 suae
437 777 589 837 residuum
608 778 768 851 considero,
792 797 895 836 verum
913 778 1070 836 fatendum
1087 780 1137 837 est:

132 866 224 941 pudet
242 886 288 924 me
311 868 401 941 pretii
418 869 485 924 mei.
523 867 609 925 video
633 885 732 925 senem
750 868 870 925 meliore
889 869 936 925 sui
956 869 1044 942 parte
1062 885 1138 942 prae-

133 957 290 1031 sepultum,
309 957 403 1014 omnis
423 957 514 1013 etiam
533 958 596 1030 spei
614 957 812 1031 superstitem,
831 955 945 1029 orbum,
961 956 1137 1016 destitutim.

132 1044 208 1101 illud
231 1046 331 1102 tamen
350 1046 492 1103 solacium
512 1045 663 1119 estquod,
686 1046 745 1104 nisi
762 1046 854 1103 talem
873 1045 1003 1102 amicum
1021 1045 1138 1121 ,habuis-

133 1151 203 1207 sem,
225 1135 297 1191 haec
321 1133 356 1191 de
376 1136 406 1191 te
425 1134 599 1191 dicerentur.
636 1133 706 1192 huic
723 1135 804 1210 patri
821 1133 971 1192 invidiosa
990 1134 1139 1209 quaedem,
1152 1151 1172 1190 10

133 1225 245 1296 opinor,
270 1225 300 1280 01
319 1241 394 1296 quae
416 1222 550 1280 beneficii
568 1225 664 1280 morte
684 1225 833 1297 pensetur,
856 1224 1017 1282 criminosa
1040 1223 1140 1281 libera·

132 1312 203 1368 litas
236 1312 394 1388 contigerit
426 1314 531 1388 egenti.
583 1311 717 1386 alioquin
749 1312 807 1369 duo
841 1313 974 1388 egentes,
1006 1315 1038 1369 et
1069 1314 1141 1370 circa

133 1401 272 1473 omnium,
296 1401 343 1458 vel
365 1402 549 1478 ignotorum,
573 1400 677 1459 domus
700 1402 808 1476 stipem
830 1400 1001 1477 rogabimus
1025 1403 1139 1477 pariter.

132 1488 157 1546 si
182 1491 246 1562 quis
270 1488 390 1564 grandis
414 1491 487 1547 natu
510 1507 616 1564 parens
641 1490 693 1562 est,
717 1489 905 1548 miserebitur
925 1482 1061 1565 senis,'si
1080 1491 1140 1564 quis

131 1577 246 1636 iuvenis
271 1577 363 1650 filius,
395 1577 581 1637 miserebitur
609 1577 813 1637 adulescentis.
858 1579 985 1638 fortasse
1013 1579 1141 1654 proderit
1153 1595 1174 1636 n

131 1666 333 1724 mendicaturo
356 1667 431 1734 mihi
455 1667 534 1741 quod
556 1669 619 1743 ipse
642 1667 803 1741 aliquando
825 1668 961 1744 egentem
983 1687 1140 1744 pauperem

133 1755 202 1811 alui.
250 1756 348 1829 accipe
377 1757 623 1829 satisfactionem,
655 1757 687 1812 in
720 1774 896 1830 quacunque
928 1759 1015 1831 parte
1047 1777 1140 1815 rerum

132 1845 256 1901 naturae
279 1862 318 1917 es,
342 1845 436 1902 amice
456 1845 613 1903 carissime.
651 1864 711 1903 101
735 1844 865 1902 excidere
888 1845 963 1902 111111
986 1847 1041 1903 tua
1063 1865 1141 1904 man-

132 1932 216 2005 data,
243 1932 364 1990 fortuna
388 1933 506 2007 defecit,
530 1953 600 2008 opes
624 1935 805 1991 auferuntur.
853 1933 931 2007 quod
955 1954 1049 1992 unum
1072 1935 1142 1992 mihi

130 2022 267 2079 relictum
291 2024 343 2095 est,
367 2042 403 2080 en
426 2022 568 2097 polliceor
590 2024 671 2097 patri
693 2025 745 2081 tuo
769 2024 896 2082 vicarias
919 2042 1034 2082 manus.
1073 2023 1140 2099 quid
1153 2040 1176 2080 10

130 2112 175 2169 110
198 2130 287 2185 porro
310 2108 439 2169 faciam?
476 2113 606 2188 agrestia
629 2109 740 2187 opere?
762 2111 926 2186 delicatior,
950 2112 1031 2187 quod
1049 2131 1068 2170 a
1085 2114 1141 2171 for·

130 2201 204 2258 tuna
226 2219 285 2259 non
304 2201 403 2273 didici,
426 2202 456 2258 et
479 2200 622 2259 cotidiani
642 2202 782 2275 quaestus
801 2202 898 2276 operis
917 2200 1034 2260 dnobus
1058 2221 1141 2280 egen-

130 2288 209 2348 tibus
237 2308 296 2347 non
324 2289 441 2349 sufficit.
487 2291 627 2349 miserum
654 2290 713 2347 me!
745 2290 770 2348 si
797 2290 946 2348 exsolvere
977 2289 1068 2349 fidem
1094 2310 1141 2349 10·

130 2378 222 2452 luero,
245 2380 370 2437 fortasse
393 2378 466 2436 mihi
489 2381 520 2436 in
544 2379 647 2437 ludum
669 2377 876 2436 revertendum
900 2379 952 2437 est.

203 2535 216 2580 1
237 2529 381 2596 ecquando
402 2542 429 2583 s:
453 2531 618 2598 necqnando
637 2539 697 2595 BV3
717 2532 745 2583 et
764 2529 875 2598 quando
895 2538 962 2592 Meo
1014 2535 1030 2583 3
1050 2529 1108 2584 illis
1125 2551 1143 2582 a

131 2604 146 2651 5
167 2615 261 2651 senem
279 2600 389 2667 respexi
409 2614 423 2663 0
488 2606 501 2653 7
521 2604 603 2669 putet
621 2610 658 2666 M,
677 2619 745 2655 corr.
760 2622 791 2652 m
865 2607 896 2654 11
916 2599 1054 2655 beneficio
1072 2619 1143 2656 mor-

128 2723 203 2777 tiss
293 2728 325 2775 12
346 2723 452 2791 alloqui
474 2734 495 2775 V
582 2727 708 2793 egentes:
725 2673 762 2794 ἕλε
782 2734 823 2792 Β,
843 2740 858 2777 0
876 2727 909 2778 ia
926 2742 1012 2795 marg.
1033 2727 1099 2780 add.
1113 2746 1144 2778 n

131 2799 163 2847 13
183 2795 281 2848 domus
300 2808 361 2858 αβγε
387 2812 430 2848 -00
449 2807 469 2847 o
556 2797 714 2865 rogavimus
737 2806 758 2848 V
845 2801 878 2848 14
896 2812 998 2864 parens
1018 2800 1074 2851 est:
1093 2813 1141 2866 pa

128 2881 222 2918 101000
241 2875 275 2932 Β,
294 2869 461 2933 parentoso
540 2874 571 2920 15
596 2867 800 2921 adholescentis
822 2876 843 2918 V
918 2871 950 2919 18
969 2866 1142 2936 ΚΞ111101110

128 2946 170 3001 Βς
189 2937 376 3001 Karissimee
443 2938 575 2991 excedere
592 2948 621 2991 Β
685 2944 719 2991 20
737 2937 813 3006 patri
830 2939 892 2990 tuo:
912 2937 966 2991 tibi
985 2947 1006 2990 V
1069 2939 1143 3008 quod

128 3016 186 3060 ΒΜ
256 3014 290 3061 24
308 3011 473 3062 vertendum
491 3018 525 3075 Β,
546 3025 575 3061 10
594 3021 701 3077 capno

198 3085 227 3149 M
247 3097 344 3150 FABII
361 3097 609 3162 QVINTMLIANI
628 3097 837 3152 GLADIATOR
854 3080 984 3150 EXPLIC
1008 3097 1138 3152 INCIPI'I

128 3184 341 3239 SEPVLOHRV
360 3185 571 3240 INCANTATV
594 3188 680 3240 ericio
695 3188 770 3255 picto
788 3195 816 3238 Β
868 3176 904 3239 M.
924 3185 1017 3240 FABI.
1039 3185 1141 3252 QVIN-

127 3271 278 3327 TILIANI
291 3273 1140 3346 01111111011111101111111111)1101101111

127 3349 428 3417 01110111111
447 3366 553 3433 (mento)
572 3375 593 3416 1
642 3364 678 3417 n
694 3363 1140 3428 111101111111111011

126 3449 264 3504 DIATOR
281 3443 468 3522 Expnlc'pc
468 3461 573 3507 10110111
573 3457 598 3523 0)
621 3452 726 3506 101ΡΙΤ
745 3451 1008 3508 ARGVMENTVM
1033 3456 1139 3523 (minio)

120 3548 158 3591 Β
225 3540 260 3593 M.
281 3541 364 3613 Fabij
391 3530 535 3611 quitiliani
554 3541 695 3612 gladiator
717 3541 835 3610 explicit
857 3541 962 3611 Incipit
982 3541 1140 3597 Mathema-
