2408 3840
134 167 200 230 380
413 161 606 218 EXCERPTA
623 160 869 216 MONACENSIA.

202 332 376 391 Sedunum
402 333 459 391 tibi
489 331 584 390 orodis
612 348 763 406 superesse
790 347 981 406 responsum:
1009 329 1050 388 ad
1077 329 1150 388 diem

134 423 210 479 veni.
244 422 321 480 state
339 421 397 495 hic,
419 420 541 495 iudices,
564 422 617 495 qui
638 420 695 479 hoo
712 421 841 495 imperat
863 419 924 477 nisi
948 437 1000 478 our
1023 438 1084 478 uon
1107 438 1149 478 ex·

134 509 340 584 spectavimus.
388 528 440 568 our
462 510 573 568 famem
595 527 655 567 non
679 508 718 568 ad
739 509 938 568 constitutum
961 505 1149 567 distulimus?

134 618 187 658 our
214 597 253 656 ad
282 601 402 656 tantum
428 598 512 657 nefas
536 594 733 657 aooessimus?
776 598 808 655 in
835 596 891 656 hao
920 597 1008 656 lanoe
1035 597 1149 674 publiea

133 682 267 765 (eausa)
290 687 407 762 pendet.
454 706 470 746 o
494 687 619 761 iudices,
649 690 703 744 aut
724 688 781 746 iste
803 686 889 745 tarde
913 686 1001 761 feeit,
1025 688 1081 745 aut
1100 703 1169 745 noso

135 779 201 835 oito
226 771 249 854 †
272 776 324 835 sed
347 777 425 835 unde
445 779 484 851 te,
508 776 580 851 quid
598 793 652 835 uos
670 775 790 852 ingente
812 775 892 834 fame
915 775 1040 834 tardare
1063 776 1147 835 soelus

134 867 332 941 requirimur,
356 867 420 940 ipse
444 867 543 924 autem
566 864 655 923 eitius
672 865 769 922 redire
793 865 901 940 potuit.
948 865 1076 943 longum
1096 867 1146 923 ter·

135 955 249 1012 minum
268 954 403 1013 dedimus
422 956 458 1028 ei,
481 973 518 1012 ne
536 972 659 1028 moram,
682 953 708 1012 si
726 954 819 1013 serius
837 954 977 1028 venisset,
1002 954 1148 1013 excusaret

137 1046 259 1118 propter
288 1045 413 1101 ventum
443 1060 574 1102 aversus
619 1061 686 1101 oum
716 1061 785 1120 ergo
816 1043 1037 1118 prosperiorem
1068 1061 1147 1119 quam

137 1132 329 1207 sperabamus
348 1133 471 1190 ventum
483 1131 599 1205 habuit,
618 1131 705 1190 eitius
719 1132 815 1190 redire
829 1130 941 1190 debuit
978 1132 1147 1191 felicitatem
1158 1147 1179 1188 ro

136 1223 269 1279 nostram
293 1222 323 1278 et
340 1238 449 1278 munus
472 1220 595 1278 deorum
612 1220 777 1296 perdidisti.
821 1222 955 1296 imputas
978 1220 1068 1280 nobis
1089 1238 1148 1298 pro

135 1310 227 1384 pitios
259 1310 363 1368 ventos
397 1310 426 1367 et
462 1309 623 1368 secundum
654 1328 736 1367 mare
768 1311 799 1368 et
829 1309 963 1369 civitatis
996 1310 1148 1385 opulentae

136 1397 349 1456 liberalitatem
388 1416 463 1473 quae
499 1400 618 1457 tantum
654 1398 796 1457 frumenti
836 1398 973 1458 vendidit
1011 1402 1148 1475 quantum

138 1484 251 1545 duobus
281 1487 401 1561 populis
433 1489 506 1547 satis
536 1491 620 1547 esset.
666 1487 718 1548 sed
748 1507 816 1546 oum
846 1487 881 1546 de
910 1488 1076 1548 velocitate
1104 1491 1149 1546 tna

136 1575 288 1652 gloriaris,
310 1575 431 1634 tardum
453 1576 582 1634 reditum
609 1576 648 1636 ad
670 1594 724 1635 nos
752 1577 891 1651 exprimis
919 1579 1014 1652 atque
1038 1581 1179 1654 sporta-rs

136 1684 232 1722 neum.
279 1682 339 1723 non
363 1667 440 1739 erat,
467 1664 592 1739 iudices,
621 1665 731 1739 ubique
758 1664 942 1724 morandum.
990 1685 1064 1746 ergo
1087 1667 1148 1725 oiri·

139 1756 232 1811 tatem
250 1756 383 1811 nostram
406 1755 489 1813 ouius
513 1754 604 1813 solius
628 1758 693 1812 erat
710 1755 837 1832 legatus,
859 1754 939 1814 ultro
962 1756 1105 1832 perdidit,
1125 1757 1150 1812 et

137 1843 200 1902 sine
224 1861 313 1901 causa
340 1845 506 1900 monstrum
535 1861 589 1901 nos
617 1842 738 1902 effecisti
769 1844 901 1904 saooulis.
948 1845 1093 1904 videlieet
1112 1861 1148 1903 sa·

137 1932 241 2009 pulcra
259 1932 413 1990 hominum
431 1934 625 2006 mortuorum,
648 1931 720 1990 dum
737 1934 855 1992 nostros
873 1933 1008 1993 famelici
1032 1933 1148 1993 eomedi-

138 2041 217 2095 mus,
248 2024 278 2078 et
299 2019 388 2079 fidem
415 2021 514 2078 fecisti
540 2021 662 2095 fabulis,
693 2023 727 2080 ut
756 2024 864 2081 ounota
894 2041 971 2096 quae
994 2022 1177 2102 fingumturao

138 2130 208 2169 vera
238 2128 300 2169 esse
331 2109 468 2167 credatur
497 2128 597 2184 posse,
629 2109 700 2168 dum
734 2112 846 2169 sciatur
876 2112 941 2168 tam
973 2111 1149 2172 incredibilis

139 2201 294 2258 calamitas
323 2199 462 2257 evenisse.
509 2199 606 2256 omnis
633 2197 812 2257 infortunati
839 2199 952 2258 solacia
980 2200 1055 2260 hino
1077 2202 1148 2277 pote

136 2292 207 2345 rant
234 2290 264 2346 et
294 2287 417 2346 audient
447 2287 650 2346 calamitatem
678 2286 951 2362 incomparabilem.
998 2291 1086 2348 nulla
1112 2291 1149 2347 est

139 2377 212 2435 adeo
235 2376 353 2435 rabiosa
376 2377 464 2434 belua
483 2379 531 2435 oui
549 2395 609 2434 non
627 2377 727 2454 imago
745 2395 799 2436 sua
817 2379 921 2436 saneta
945 2378 994 2453 sit,
1019 2381 1051 2437 et
1074 2396 1149 2438 omne

138 2465 250 2522 animal
274 2465 375 2542 diligit
402 2466 460 2524 sibi
483 2466 587 2523 simile.
633 2465 779 2541 pluraque
806 2465 898 2525 etiam
923 2466 1080 2543 animalia,
1102 2465 1177 2526 ersis

138 2554 301 2630 mordeant,
320 2556 421 2612 tamen
435 2555 552 2613 laniatu
571 2553 729 2614 abstinent.
771 2573 826 2614 nos
844 2558 946 2614 autem
966 2576 1042 2632 quos
1057 2556 1150 2616 divina

137 2642 327 2717 providentia
344 2663 398 2717 per
415 2646 555 2701 naturam
573 2662 663 2718 supra
682 2644 792 2702 bestias
813 2645 1021 2720 constituerat,
1043 2646 1151 2722 redegit

137 2731 216 2788 infra
234 2731 345 2805 beluas,
365 2732 435 2789 dum
454 2734 591 2792 carnibus
605 2734 803 2791 humanorum
821 2733 1010 2810 cadaverum,
1029 2734 1151 2794 filiorum

141 2822 232 2878 etiam
250 2820 494 2895 propinquorum,
512 2821 670 2897 pascimur.
711 2825 799 2897 pater
817 2821 913 2882 filium
931 2823 1072 2899 oomodit,
1090 2839 1151 2881 mox

140 2912 244 2966 natum
267 2911 415 2967 infantem
438 2910 562 2969 devorat
589 2913 697 2986 mater,
725 2914 756 2969 et
777 2910 856 2969 redit
882 2912 915 2969 in
936 2914 1061 2971 uterum
1082 2913 1183 2971 aaa

136 3000 220 3055 ratus
243 2998 352 3056 infans.
398 2997 514 3058 dehisce
537 2992 677 3078 terra[m]
703 3002 732 3058 et
750 3001 827 3059 hano
850 3001 971 3059 noxiam
994 3001 1151 3071 civitatem,

138 3086 175 3143 ad
205 3086 316 3145 inferos
346 3106 412 3145 eam
441 3088 540 3162 trahe,
571 3089 597 3147 si
626 3088 773 3165 quomodo
802 3089 896 3149 soelus
926 3090 983 3148 hoo
1013 3093 1151 3167 expietru.

138 3176 278 3233 caelestes
293 3194 381 3233 auras
396 3178 599 3236 contaminato
618 3179 726 3254 spiritu
740 3179 903 3252 polluimus
918 3181 948 3237 et
962 3179 1109 3239 sideribus
1121 3196 1152 3235 ao

137 3259 243 3341 dei<s>
253 3282 359 3341 graves
368 3265 514 3324 invidiam
524 3268 642 3326 saeculo
652 3268 785 3326 facimus.
810 3263 1150 3345 quofugiemusmiseri?

134 3356 226 3415 urunt
249 3354 381 3433 animos,
409 3357 542 3436 arguunt
561 3356 646 3416 intus
668 3356 879 3414 oousoieutiam
900 3358 1048 3417 scelerum
1071 3360 1149 3417 faoes.
1161 3366 1183 3409 π

192 3560 208 3610 9
228 3572 275 3611 aaa
295 3551 486 3614 adversum?
568 3554 607 3604 ai
625 3541 762 3598 noxiamz
777 3532 912 3587 nostium
927 3537 958 3577 ι
