<?xml version="1.0" encoding="UTF-8"?>
<!DOCTYPE html PUBLIC "-//W3C//DTD XHTML 1.0 Transitional//EN"
    "http://www.w3.org/TR/xhtml1/DTD/xhtml1-transitional.dtd">
<html xmlns="http://www.w3.org/1999/xhtml" xml:lang="en" lang="en">
 <head>
  <title>
</title>
<meta http-equiv="Content-Type" content="text/html;charset=utf-8" />
  <meta name='ocr-system' content='tesseract 3.04.00' />
  <meta name='ocr-capabilities' content='ocr_page ocr_carea ocr_par ocr_line ocrx_word'/>
</head>
<body>
  <div class='ocr_page' id='page_1' title='image "./qvintilianiqvae01quingoog_0194.png"; bbox 0 0 2408 3840; ppageno 0'>
   <div class='ocr_carea' id='block_1_1' title="bbox 357 143 1089 213">
    <p class='ocr_par' dir='ltr' id='par_1_1' title="bbox 357 143 1089 213">
     <span class='ocr_line' id='line_1_1' title="bbox 357 143 1089 213; baseline 0.02 -15"><span class='ocrx_word' id='word_1_1' title='bbox 357 143 591 200; x_wconf 79' lang='lat' dir='ltr'>DECLAMATIO</span> <span class='ocrx_word' id='word_1_2' title='bbox 610 145 675 201; x_wconf 81' lang='lat' dir='ltr'>Vm</span> <span class='ocrx_word' id='word_1_3' title='bbox 690 152 802 201; x_wconf 82' lang='lat'><strong>13-15.</strong></span> <span class='ocrx_word' id='word_1_4' title='bbox 1026 147 1089 213; x_wconf 84' lang='lat'>159</span> 
     </span>
    </p>
   </div>
   <div class='ocr_carea' id='block_1_2' title="bbox 29 313 1144 2887">
    <p class='ocr_par' dir='ltr' id='par_1_2' title="bbox 29 313 1144 2887">
     <span class='ocr_line' id='line_1_2' title="bbox 75 313 1088 392; baseline 0.001 -18"><span class='ocrx_word' id='word_1_5' title='bbox 75 315 273 391; x_wconf 71' lang='lat' dir='ltr'>promitteret.</span> <span class='ocrx_word' id='word_1_6' title='bbox 319 313 374 373; x_wconf 91' lang='lat' dir='ltr'>hoc</span> <span class='ocrx_word' id='word_1_7' title='bbox 396 333 474 372; x_wconf 91' lang='lat' dir='ltr'>nunc</span> <span class='ocrx_word' id='word_1_8' title='bbox 501 334 548 374; x_wconf 89' lang='lat' dir='ltr'>me</span> <span class='ocrx_word' id='word_1_9' title='bbox 571 317 656 391; x_wconf 91' lang='lat' dir='ltr'>queri</span> <span class='ocrx_word' id='word_1_10' title='bbox 682 316 798 391; x_wconf 87' lang='lat' dir='ltr'>putatis</span> <span class='ocrx_word' id='word_1_11' title='bbox 821 316 900 391; x_wconf 93' lang='lat' dir='ltr'>quod</span> <span class='ocrx_word' id='word_1_12' title='bbox 926 317 1025 392; x_wconf 90' lang='lat' dir='ltr'>inre,</span> <span class='ocrx_word' id='word_1_13' title='bbox 1052 317 1088 375; x_wconf 90' lang='lat' dir='ltr'>de</span> 
     </span>
     <span class='ocr_line' id='line_1_3' title="bbox 76 402 1089 480; baseline 0.003 -18"><span class='ocrx_word' id='word_1_14' title='bbox 76 423 136 480; x_wconf 90' lang='lat' dir='ltr'>qua</span> <span class='ocrx_word' id='word_1_15' title='bbox 164 403 283 462; x_wconf 69' lang='lat' dir='ltr'>medere</span> <span class='ocrx_word' id='word_1_16' title='bbox 314 422 369 463; x_wconf 91' lang='lat' dir='ltr'>nec</span> <span class='ocrx_word' id='word_1_17' title='bbox 400 402 536 462; x_wconf 89' lang='lat' dir='ltr'>omnibus</span> <span class='ocrx_word' id='word_1_18' title='bbox 568 404 730 479; x_wconf 75' lang='lat' dir='ltr'>debuisset,</span> <span class='ocrx_word' id='word_1_19' title='bbox 762 405 885 464; x_wconf 89' lang='lat' dir='ltr'>accessit</span> <span class='ocrx_word' id='word_1_20' title='bbox 912 404 985 463; x_wconf 81' lang='lat' dir='ltr'>uni?</span> <span class='ocrx_word' id='word_1_21' title='bbox 1030 425 1089 465; x_wconf 90' lang='lat' dir='ltr'>non</span> 
     </span>
     <span class='ocr_line' id='line_1_4' title="bbox 73 493 1089 570; baseline 0.003 -18"><span class='ocrx_word' id='word_1_22' title='bbox 73 493 208 566; x_wconf 87' lang='lat' dir='ltr'>interest,</span> <span class='ocrx_word' id='word_1_23' title='bbox 232 511 271 550; x_wconf 91' lang='lat' dir='ltr'>an</span> <span class='ocrx_word' id='word_1_24' title='bbox 294 493 422 568; x_wconf 78' lang='lat' dir='ltr'>supersit</span> <span class='ocrx_word' id='word_1_25' title='bbox 443 493 607 551; x_wconf 91' lang='lat' dir='ltr'>remedium</span> <span class='ocrx_word' id='word_1_26' title='bbox 626 494 706 568; x_wconf 90' lang='lat' dir='ltr'>quod</span> <span class='ocrx_word' id='word_1_27' title='bbox 727 496 875 570; x_wconf 89' lang='lat' dir='ltr'>temptare</span> <span class='ocrx_word' id='word_1_28' title='bbox 893 514 953 553; x_wconf 93' lang='lat' dir='ltr'>non</span> <span class='ocrx_word' id='word_1_29' title='bbox 973 495 1089 570; x_wconf 79' lang='lat' dir='ltr'>debesa,</span> 
     </span>
     <span class='ocr_line' id='line_1_5' title="bbox 73 581 1089 660; baseline 0.002 -19"><span class='ocrx_word' id='word_1_30' title='bbox 73 584 105 641; x_wconf 90' lang='lat' dir='ltr'>et</span> <span class='ocrx_word' id='word_1_31' title='bbox 118 581 172 640; x_wconf 88' lang='lat' dir='ltr'>nbi</span> <span class='ocrx_word' id='word_1_32' title='bbox 185 581 362 640; x_wconf 86' lang='lat' dir='ltr'>tantundem</span> <span class='ocrx_word' id='word_1_33' title='bbox 380 582 506 657; x_wconf 91' lang='lat' dir='ltr'>periculi</span> <span class='ocrx_word' id='word_1_34' title='bbox 523 600 622 657; x_wconf 88' lang='lat' dir='ltr'>speres</span> <span class='ocrx_word' id='word_1_35' title='bbox 641 585 787 658; x_wconf 90' lang='lat' dir='ltr'>quantum</span> <span class='ocrx_word' id='word_1_36' title='bbox 803 583 971 659; x_wconf 78' lang='lat' dir='ltr'>desperatio</span> <span class='ocrx_word' id='word_1_37' title='bbox 990 584 1089 660; x_wconf 90' lang='lat' dir='ltr'>habet,</span> 
     </span>
     <span class='ocr_line' id='line_1_6' title="bbox 47 670 1089 749; baseline -0.005 -14"><span class='ocrx_word' id='word_1_38' title='bbox 47 671 183 735; x_wconf 80' lang='lat' dir='ltr'>emelior</span> <span class='ocrx_word' id='word_1_39' title='bbox 210 670 305 730; x_wconf 82' lang='lat' dir='ltr'>exitus</span> <span class='ocrx_word' id='word_1_40' title='bbox 333 671 453 747; x_wconf 89' lang='lat' dir='ltr'>estqui</span> <span class='ocrx_word' id='word_1_41' title='bbox 480 671 554 730; x_wconf 87' lang='lat' dir='ltr'>facit</span> <span class='ocrx_word' id='word_1_42' title='bbox 576 674 698 731; x_wconf 89' lang='lat' dir='ltr'>miseros</span> <span class='ocrx_word' id='word_1_43' title='bbox 723 672 903 733; x_wconf 87' lang='lat' dir='ltr'>innocentes.</span> <span class='ocrx_word' id='word_1_44' title='bbox 949 673 1021 749; x_wconf 89' lang='lat' dir='ltr'>quid</span> <span class='ocrx_word' id='word_1_45' title='bbox 1042 673 1089 730; x_wconf 91' lang='lat' dir='ltr'>in-</span> 
     </span>
     <span class='ocr_line' id='line_1_7' title="bbox 71 759 1089 840; baseline 0.002 -21"><span class='ocrx_word' id='word_1_46' title='bbox 71 761 190 819; x_wconf 83' lang='lat' dir='ltr'>vidiam</span> <span class='ocrx_word' id='word_1_47' title='bbox 210 759 359 836; x_wconf 88' lang='lat' dir='ltr'>prioribus</span> <span class='ocrx_word' id='word_1_48' title='bbox 381 759 504 818; x_wconf 85' lang='lat' dir='ltr'>medicis</span> <span class='ocrx_word' id='word_1_49' title='bbox 525 759 687 836; x_wconf 79' lang='lat' dir='ltr'>paramus?</span> <span class='ocrx_word' id='word_1_50' title='bbox 723 780 809 820; x_wconf 86' lang='lat' dir='ltr'>nemo</span> <span class='ocrx_word' id='word_1_51' title='bbox 832 763 928 840; x_wconf 87' lang='lat' dir='ltr'>magis</span> <span class='ocrx_word' id='word_1_52' title='bbox 951 761 1089 838; x_wconf 78' lang='lat' dir='ltr'>desperat</span> 
     </span>
     <span class='ocr_line' id='line_1_8' title="bbox 72 850 642 927; baseline -0.005 -18"><span class='ocrx_word' id='word_1_53' title='bbox 72 868 168 927; x_wconf 87' lang='lat' dir='ltr'>qnam</span> <span class='ocrx_word' id='word_1_54' title='bbox 191 850 217 907; x_wconf 87' lang='lat' dir='ltr'>si</span> <span class='ocrx_word' id='word_1_55' title='bbox 237 852 329 926; x_wconf 89' lang='lat' dir='ltr'>negat</span> <span class='ocrx_word' id='word_1_56' title='bbox 350 866 438 908; x_wconf 88' lang='lat' dir='ltr'>nosse</span> <span class='ocrx_word' id='word_1_57' title='bbox 459 850 642 927; x_wconf 88' lang='lat' dir='ltr'>languorem.</span> 
     </span>
     <span class='ocr_line' id='line_1_9' title="bbox 142 936 1140 1016; baseline 0.003 -21"><span class='ocrx_word' id='word_1_58' title='bbox 142 937 222 1008; x_wconf 85' lang='lat' dir='ltr'>Quid</span> <span class='ocrx_word' id='word_1_59' title='bbox 245 937 298 1012; x_wconf 90' lang='lat' dir='ltr'>ais,</span> <span class='ocrx_word' id='word_1_60' title='bbox 320 936 427 1013; x_wconf 84' lang='lat' dir='ltr'>pater?</span> <span class='ocrx_word' id='word_1_61' title='bbox 462 938 507 998; x_wconf 83' lang='lat' dir='ltr'>ita</span> <span class='ocrx_word' id='word_1_62' title='bbox 529 941 628 997; x_wconf 88' lang='lat' dir='ltr'>tecum</span> <span class='ocrx_word' id='word_1_63' title='bbox 651 940 809 1015; x_wconf 88' lang='lat' dir='ltr'>quisquam</span> <span class='ocrx_word' id='word_1_64' title='bbox 831 939 873 999; x_wconf 87' lang='lat' dir='ltr'>sic</span> <span class='ocrx_word' id='word_1_65' title='bbox 892 939 982 999; x_wconf 87' lang='lat' dir='ltr'>audet</span> <span class='ocrx_word' id='word_1_66' title='bbox 1001 957 1087 1016; x_wconf 86' lang='lat' dir='ltr'>agere</span> <span class='ocrx_word' id='word_1_67' title='bbox 1103 942 1140 998; x_wconf 78' lang='lat'>15</span> 
     </span>
     <span class='ocr_line' id='line_1_10' title="bbox 73 1026 1087 1106; baseline 0.002 -20"><span class='ocrx_word' id='word_1_68' title='bbox 73 1028 110 1086; x_wconf 93' lang='lat' dir='ltr'>de</span> <span class='ocrx_word' id='word_1_69' title='bbox 134 1026 249 1085; x_wconf 89' lang='lat' dir='ltr'>dnobus</span> <span class='ocrx_word' id='word_1_70' title='bbox 272 1027 355 1102; x_wconf 89' lang='lat' dir='ltr'>filiis,</span> <span class='ocrx_word' id='word_1_71' title='bbox 382 1029 538 1103; x_wconf 79' lang='lat' dir='ltr'>tamquam</span> <span class='ocrx_word' id='word_1_72' title='bbox 561 1027 596 1085; x_wconf 91' lang='lat' dir='ltr'>de</span> <span class='ocrx_word' id='word_1_73' title='bbox 620 1027 735 1088; x_wconf 87' lang='lat' dir='ltr'>duobus</span> <span class='ocrx_word' id='word_1_74' title='bbox 760 1027 877 1106; x_wconf 79' lang='lat' dir='ltr'>aegris?</span> <span class='ocrx_word' id='word_1_75' title='bbox 921 1030 958 1086; x_wconf 86' lang='lat' dir='ltr'>tu</span> <span class='ocrx_word' id='word_1_76' title='bbox 981 1047 1015 1086; x_wconf 85' lang='lat' dir='ltr'>ex</span> <span class='ocrx_word' id='word_1_77' title='bbox 1039 1048 1087 1106; x_wconf 89' lang='lat' dir='ltr'>ge·</span> 
     </span>
     <span class='ocr_line' id='line_1_11' title="bbox 34 1115 1088 1193; baseline 0.002 -18"><span class='ocrx_word' id='word_1_78' title='bbox 34 1141 60 1181; x_wconf 80' lang='grc' dir='ltr'>ιι</span> <span class='ocrx_word' id='word_1_79' title='bbox 72 1117 164 1176; x_wconf 90' lang='lat' dir='ltr'>minis</span> <span class='ocrx_word' id='word_1_80' title='bbox 188 1116 316 1175; x_wconf 85' lang='lat' dir='ltr'>alterum</span> <span class='ocrx_word' id='word_1_81' title='bbox 334 1116 525 1175; x_wconf 88' lang='lat' dir='ltr'>occidendum</span> <span class='ocrx_word' id='word_1_82' title='bbox 547 1115 653 1176; x_wconf 81' lang='lat' dir='ltr'>dabis?</span> <span class='ocrx_word' id='word_1_83' title='bbox 688 1136 748 1176; x_wconf 91' lang='lat' dir='ltr'>non</span> <span class='ocrx_word' id='word_1_84' title='bbox 766 1118 883 1192; x_wconf 87' lang='lat' dir='ltr'>ferrem,</span> <span class='ocrx_word' id='word_1_85' title='bbox 906 1119 932 1176; x_wconf 89' lang='lat' dir='ltr'>si</span> <span class='ocrx_word' id='word_1_86' title='bbox 951 1136 1088 1193; x_wconf 88' lang='lat' dir='ltr'>separare</span> 
     </span>
     <span class='ocr_line' id='line_1_12' title="bbox 75 1205 1087 1282; baseline 0.001 -18"><span class='ocrx_word' id='word_1_87' title='bbox 75 1205 263 1282; x_wconf 86' lang='lat' dir='ltr'>expositurus</span> <span class='ocrx_word' id='word_1_88' title='bbox 291 1205 426 1279; x_wconf 88' lang='lat' dir='ltr'>auderes,</span> <span class='ocrx_word' id='word_1_89' title='bbox 454 1207 481 1265; x_wconf 91' lang='lat' dir='ltr'>si</span> <span class='ocrx_word' id='word_1_90' title='bbox 507 1208 663 1265; x_wconf 86' lang='lat' dir='ltr'>contentus</span> <span class='ocrx_word' id='word_1_91' title='bbox 691 1225 769 1266; x_wconf 89' lang='lat' dir='ltr'>esses</span> <span class='ocrx_word' id='word_1_92' title='bbox 794 1206 971 1266; x_wconf 85' lang='lat' dir='ltr'>educaturus</span> <span class='ocrx_word' id='word_1_93' title='bbox 999 1206 1087 1265; x_wconf 90' lang='lat' dir='ltr'>alter·</span> 
     </span>
     <span class='ocr_line' id='line_1_13' title="bbox 74 1295 1088 1370; baseline 0 -17"><span class='ocrx_word' id='word_1_94' title='bbox 74 1297 187 1369; x_wconf 72' lang='lat' dir='ltr'>nuum,</span> <span class='ocrx_word' id='word_1_95' title='bbox 209 1313 269 1354; x_wconf 91' lang='lat' dir='ltr'>non</span> <span class='ocrx_word' id='word_1_96' title='bbox 288 1295 396 1353; x_wconf 90' lang='lat' dir='ltr'>ferrem</span> <span class='ocrx_word' id='word_1_97' title='bbox 415 1313 433 1352; x_wconf 93' lang='lat' dir='ltr'>a</span> <span class='ocrx_word' id='word_1_98' title='bbox 451 1296 558 1370; x_wconf 87' lang='lat' dir='ltr'>piratis</span> <span class='ocrx_word' id='word_1_99' title='bbox 577 1297 698 1370; x_wconf 90' lang='lat' dir='ltr'>captum</span> <span class='ocrx_word' id='word_1_100' title='bbox 719 1295 815 1354; x_wconf 85' lang='lat' dir='ltr'>filium</span> <span class='ocrx_word' id='word_1_101' title='bbox 834 1297 956 1355; x_wconf 87' lang='lat' dir='ltr'>alterius</span> <span class='ocrx_word' id='word_1_102' title='bbox 975 1297 1088 1355; x_wconf 86' lang='lat' dir='ltr'>vicaria</span> 
     </span>
     <span class='ocr_line' id='line_1_14' title="bbox 74 1383 1088 1444; baseline -0.001 -1"><span class='ocrx_word' id='word_1_103' title='bbox 74 1384 219 1444; x_wconf 88' lang='lat' dir='ltr'>servitute</span> <span class='ocrx_word' id='word_1_104' title='bbox 245 1383 446 1442; x_wconf 89' lang='lat' dir='ltr'>redimentem.</span> <span class='ocrx_word' id='word_1_105' title='bbox 491 1387 525 1442; x_wconf 90' lang='lat' dir='ltr'>tu</span> <span class='ocrx_word' id='word_1_106' title='bbox 548 1383 584 1442; x_wconf 89' lang='lat' dir='ltr'>de</span> <span class='ocrx_word' id='word_1_107' title='bbox 612 1385 740 1443; x_wconf 87' lang='lat' dir='ltr'>orbitate</span> <span class='ocrx_word' id='word_1_108' title='bbox 767 1386 857 1444; x_wconf 84' lang='lat' dir='ltr'>facies</span> <span class='ocrx_word' id='word_1_109' title='bbox 881 1387 960 1444; x_wconf 86' lang='lat' dir='ltr'>vices</span> <span class='ocrx_word' id='word_1_110' title='bbox 988 1386 1018 1443; x_wconf 80' lang='lat' dir='ltr'>et</span> <span class='ocrx_word' id='word_1_111' title='bbox 1040 1403 1088 1444; x_wconf 88' lang='lat' dir='ltr'>ca·</span> 
     </span>
     <span class='ocr_line' id='line_1_15' title="bbox 74 1472 1087 1550; baseline 0 -17"><span class='ocrx_word' id='word_1_112' title='bbox 74 1492 142 1533; x_wconf 89' lang='lat' dir='ltr'>snm</span> <span class='ocrx_word' id='word_1_113' title='bbox 165 1473 349 1550; x_wconf 85' lang='lat' dir='ltr'>singulorum</span> <span class='ocrx_word' id='word_1_114' title='bbox 370 1491 425 1548; x_wconf 91' lang='lat' dir='ltr'>per</span> <span class='ocrx_word' id='word_1_115' title='bbox 442 1474 603 1548; x_wconf 87' lang='lat' dir='ltr'>utrumque</span> <span class='ocrx_word' id='word_1_116' title='bbox 622 1472 787 1533; x_wconf 79' lang='lat' dir='ltr'>diffundes?</span> <span class='ocrx_word' id='word_1_117' title='bbox 824 1474 1018 1550; x_wconf 87' lang='lat' dir='ltr'>parricidium</span> <span class='ocrx_word' id='word_1_118' title='bbox 1036 1493 1087 1533; x_wconf 86' lang='lat' dir='ltr'>vo·</span> 
     </span>
     <span class='ocr_line' id='line_1_16' title="bbox 35 1562 1087 1638; baseline -0.005 -12"><span class='ocrx_word' id='word_1_119' title='bbox 35 1585 60 1626; x_wconf 86' lang='grc' dir='ltr'>ιι</span> <span class='ocrx_word' id='word_1_120' title='bbox 74 1581 187 1636; x_wconf 81' lang='lat' dir='ltr'>casem,</span> <span class='ocrx_word' id='word_1_121' title='bbox 214 1563 239 1620; x_wconf 94' lang='lat' dir='ltr'>si</span> <span class='ocrx_word' id='word_1_122' title='bbox 260 1563 453 1637; x_wconf 90' lang='lat' dir='ltr'>promittente</span> <span class='ocrx_word' id='word_1_123' title='bbox 475 1562 589 1622; x_wconf 90' lang='lat' dir='ltr'>medico</span> <span class='ocrx_word' id='word_1_124' title='bbox 613 1563 693 1638; x_wconf 90' lang='lat' dir='ltr'>quod</span> <span class='ocrx_word' id='word_1_125' title='bbox 716 1565 835 1621; x_wconf 88' lang='lat' dir='ltr'>sanaret</span> <span class='ocrx_word' id='word_1_126' title='bbox 856 1584 962 1637; x_wconf 91' lang='lat' dir='ltr'>unum,</span> <span class='ocrx_word' id='word_1_127' title='bbox 986 1581 1087 1638; x_wconf 88' lang='lat' dir='ltr'>posses</span> 
     </span>
     <span class='ocr_line' id='line_1_17' title="bbox 74 1651 1144 1729; baseline -0.001 -18"><span class='ocrx_word' id='word_1_128' title='bbox 74 1651 185 1728; x_wconf 83' lang='lat' dir='ltr'>eligere</span> <span class='ocrx_word' id='word_1_129' title='bbox 211 1652 386 1727; x_wconf 86' lang='lat' dir='ltr'>periturum.</span> <span class='ocrx_word' id='word_1_130' title='bbox 431 1670 525 1727; x_wconf 89' lang='lat' dir='ltr'>paene</span> <span class='ocrx_word' id='word_1_131' title='bbox 553 1651 700 1711; x_wconf 81' lang='lat' dir='ltr'>crudelius</span> <span class='ocrx_word' id='word_1_132' title='bbox 730 1655 775 1710; x_wconf 88' lang='lat' dir='ltr'>est</span> <span class='ocrx_word' id='word_1_133' title='bbox 802 1653 934 1729; x_wconf 87' lang='lat' dir='ltr'>geminos</span> <span class='ocrx_word' id='word_1_134' title='bbox 957 1651 1087 1710; x_wconf 88' lang='lat' dir='ltr'>dividere</span> <span class='ocrx_word' id='word_1_135' title='bbox 1141 1661 1144 1668; x_wconf 83' lang='lat'>&#39;</span> 
     </span>
     <span class='ocr_line' id='line_1_18' title="bbox 74 1740 1087 1819; baseline 0 -20"><span class='ocrx_word' id='word_1_136' title='bbox 74 1759 165 1817; x_wconf 87' lang='lat' dir='ltr'>qnam</span> <span class='ocrx_word' id='word_1_137' title='bbox 184 1740 314 1815; x_wconf 87' lang='lat' dir='ltr'>perdere.</span> <span class='ocrx_word' id='word_1_138' title='bbox 352 1760 387 1799; x_wconf 90' lang='lat' dir='ltr'>en</span> <span class='ocrx_word' id='word_1_139' title='bbox 406 1743 530 1799; x_wconf 87' lang='lat' dir='ltr'>scientia</span> <span class='ocrx_word' id='word_1_140' title='bbox 552 1742 600 1800; x_wconf 91' lang='lat' dir='ltr'>cui</span> <span class='ocrx_word' id='word_1_141' title='bbox 619 1740 726 1800; x_wconf 90' lang='lat' dir='ltr'>debeat</span> <span class='ocrx_word' id='word_1_142' title='bbox 739 1741 831 1800; x_wconf 79' lang='lat' dir='ltr'>credi!</span> <span class='ocrx_word' id='word_1_143' title='bbox 854 1744 945 1819; x_wconf 85' lang='lat' dir='ltr'>negat</span> <span class='ocrx_word' id='word_1_144' title='bbox 963 1760 994 1800; x_wconf 89' lang='lat' dir='ltr'>se</span> <span class='ocrx_word' id='word_1_145' title='bbox 1013 1743 1087 1800; x_wconf 86' lang='lat' dir='ltr'>scire</span> 
     </span>
     <span class='ocr_line' id='line_1_19' title="bbox 73 1828 1087 1907; baseline -0.003 -17"><span class='ocrx_word' id='word_1_146' title='bbox 73 1847 180 1890; x_wconf 85' lang='lat' dir='ltr'>causas</span> <span class='ocrx_word' id='word_1_147' title='bbox 202 1829 364 1907; x_wconf 87' lang='lat' dir='ltr'>languoris,</span> <span class='ocrx_word' id='word_1_148' title='bbox 388 1828 493 1888; x_wconf 89' lang='lat' dir='ltr'>deinde</span> <span class='ocrx_word' id='word_1_149' title='bbox 515 1829 667 1905; x_wconf 87' lang='lat' dir='ltr'>promittit</span> <span class='ocrx_word' id='word_1_150' title='bbox 685 1829 826 1907; x_wconf 89' lang='lat' dir='ltr'>quicquid</span> <span class='ocrx_word' id='word_1_151' title='bbox 848 1831 937 1891; x_wconf 89' lang='lat' dir='ltr'>licere</span> <span class='ocrx_word' id='word_1_152' title='bbox 959 1850 1019 1890; x_wconf 93' lang='lat' dir='ltr'>non</span> <span class='ocrx_word' id='word_1_153' title='bbox 1038 1829 1087 1887; x_wconf 92' lang='lat' dir='ltr'>de·</span> 
     </span>
     <span class='ocr_line' id='line_1_20' title="bbox 72 1914 1085 1995; baseline -0.001 -17"><span class='ocrx_word' id='word_1_154' title='bbox 72 1919 159 1978; x_wconf 91' lang='lat' dir='ltr'>beret</span> <span class='ocrx_word' id='word_1_155' title='bbox 172 1935 226 1977; x_wconf 91' lang='lat' dir='ltr'>nec</span> <span class='ocrx_word' id='word_1_156' title='bbox 238 1918 483 1995; x_wconf 83' lang='lat' dir='ltr'>intelligentibus.</span> <span class='ocrx_word' id='word_1_157' title='bbox 515 1914 680 1994; x_wconf 83' lang='lat' dir='ltr'>‘occidam&#39;,</span> <span class='ocrx_word' id='word_1_158' title='bbox 698 1920 806 1995; x_wconf 89' lang='lat' dir='ltr'>inquit,</span> <span class='ocrx_word' id='word_1_159' title='bbox 822 1915 939 1979; x_wconf 83' lang='lat' dir='ltr'>‘deinde</span> <span class='ocrx_word' id='word_1_160' title='bbox 954 1914 1085 1979; x_wconf 83' lang='lat' dir='ltr'>sanabo&#39;</span> 
     </span>
     <span class='ocr_line' id='line_1_21' title="bbox 32 2007 1086 2084; baseline -0.005 -14"><span class='ocrx_word' id='word_1_161' title='bbox 32 2031 60 2071; x_wconf 86' lang='grc' dir='ltr'>ιο</span> <span class='ocrx_word' id='word_1_162' title='bbox 72 2007 253 2082; x_wconf 87' lang='lat' dir='ltr'>memineris,</span> <span class='ocrx_word' id='word_1_163' title='bbox 274 2013 369 2083; x_wconf 88' lang='lat' dir='ltr'>pater,</span> <span class='ocrx_word' id='word_1_164' title='bbox 391 2009 424 2064; x_wconf 91' lang='lat' dir='ltr'>in</span> <span class='ocrx_word' id='word_1_165' title='bbox 446 2007 502 2067; x_wconf 90' lang='lat' dir='ltr'>hac</span> <span class='ocrx_word' id='word_1_166' title='bbox 520 2008 691 2068; x_wconf 87' lang='lat' dir='ltr'>condicione</span> <span class='ocrx_word' id='word_1_167' title='bbox 713 2010 797 2084; x_wconf 89' lang='lat' dir='ltr'>prius</span> <span class='ocrx_word' id='word_1_168' title='bbox 816 2028 886 2084; x_wconf 90' lang='lat' dir='ltr'>esse,</span> <span class='ocrx_word' id='word_1_169' title='bbox 910 2011 944 2067; x_wconf 91' lang='lat' dir='ltr'>ut</span> <span class='ocrx_word' id='word_1_170' title='bbox 962 2009 1086 2068; x_wconf 88' lang='lat' dir='ltr'>occidas.</span> 
     </span>
     <span class='ocr_line' id='line_1_22' title="bbox 72 2096 1086 2173; baseline -0.002 -17"><span class='ocrx_word' id='word_1_171' title='bbox 72 2116 135 2156; x_wconf 93' lang='lat' dir='ltr'>non</span> <span class='ocrx_word' id='word_1_172' title='bbox 159 2098 204 2155; x_wconf 87' lang='lat' dir='ltr'>est</span> <span class='ocrx_word' id='word_1_173' title='bbox 225 2099 312 2155; x_wconf 87' lang='lat' dir='ltr'>tanta</span> <span class='ocrx_word' id='word_1_174' title='bbox 334 2096 431 2172; x_wconf 88' lang='lat' dir='ltr'>pietas</span> <span class='ocrx_word' id='word_1_175' title='bbox 454 2115 571 2156; x_wconf 88' lang='lat' dir='ltr'>servare</span> <span class='ocrx_word' id='word_1_176' title='bbox 594 2097 690 2156; x_wconf 88' lang='lat' dir='ltr'>filium</span> <span class='ocrx_word' id='word_1_177' title='bbox 709 2100 855 2173; x_wconf 90' lang='lat' dir='ltr'>quantum</span> <span class='ocrx_word' id='word_1_178' title='bbox 877 2099 992 2157; x_wconf 83' lang='lat' dir='ltr'>facinus</span> <span class='ocrx_word' id='word_1_179' title='bbox 1012 2096 1086 2156; x_wconf 92' lang='lat' dir='ltr'>occi-</span> 
     </span>
     <span class='ocr_line' id='line_1_23' title="bbox 73 2183 1087 2261; baseline -0.002 -17"><span class='ocrx_word' id='word_1_180' title='bbox 73 2185 151 2245; x_wconf 92' lang='lat' dir='ltr'>dere.</span> <span class='ocrx_word' id='word_1_181' title='bbox 197 2187 232 2243; x_wconf 88' lang='lat' dir='ltr'>tu</span> <span class='ocrx_word' id='word_1_182' title='bbox 253 2204 331 2244; x_wconf 91' lang='lat' dir='ltr'>nnnc</span> <span class='ocrx_word' id='word_1_183' title='bbox 353 2185 410 2244; x_wconf 92' lang='lat' dir='ltr'>hoc</span> <span class='ocrx_word' id='word_1_184' title='bbox 435 2188 525 2261; x_wconf 89' lang='lat' dir='ltr'>putas</span> <span class='ocrx_word' id='word_1_185' title='bbox 547 2187 712 2261; x_wconf 76' lang='lat' dir='ltr'>profumdae</span> <span class='ocrx_word' id='word_1_186' title='bbox 736 2189 809 2245; x_wconf 90' lang='lat' dir='ltr'>artis</span> <span class='ocrx_word' id='word_1_187' title='bbox 833 2205 895 2246; x_wconf 89' lang='lat' dir='ltr'>esse</span> <span class='ocrx_word' id='word_1_188' title='bbox 921 2183 1087 2245; x_wconf 78' lang='lat' dir='ltr'>secretum?</span> 
     </span>
     <span class='ocr_line' id='line_1_24' title="bbox 72 2273 1087 2351; baseline -0.003 -16"><span class='ocrx_word' id='word_1_189' title='bbox 72 2274 167 2335; x_wconf 83' lang='lat' dir='ltr'>verba</span> <span class='ocrx_word' id='word_1_190' title='bbox 188 2276 307 2334; x_wconf 89' lang='lat' dir='ltr'>tantum</span> <span class='ocrx_word' id='word_1_191' title='bbox 329 2273 543 2350; x_wconf 89' lang='lat' dir='ltr'>desperationis</span> <span class='ocrx_word' id='word_1_192' title='bbox 565 2276 706 2351; x_wconf 84' lang='lat' dir='ltr'>involvit,</span> <span class='ocrx_word' id='word_1_193' title='bbox 735 2277 765 2334; x_wconf 89' lang='lat' dir='ltr'>et</span> <span class='ocrx_word' id='word_1_194' title='bbox 786 2276 874 2334; x_wconf 90' lang='lat' dir='ltr'>homo</span> <span class='ocrx_word' id='word_1_195' title='bbox 898 2274 1087 2334; x_wconf 87' lang='lat' dir='ltr'>cautissimae</span> 
     </span>
     <span class='ocr_line' id='line_1_25' title="bbox 72 2363 1085 2439; baseline -0.002 -17"><span class='ocrx_word' id='word_1_196' title='bbox 72 2363 220 2424; x_wconf 82' lang='lat' dir='ltr'>vanitatis</span> <span class='ocrx_word' id='word_1_197' title='bbox 251 2365 355 2439; x_wconf 86' lang='lat' dir='ltr'>captat</span> <span class='ocrx_word' id='word_1_198' title='bbox 382 2363 467 2422; x_wconf 91' lang='lat' dir='ltr'>illam</span> <span class='ocrx_word' id='word_1_199' title='bbox 496 2364 688 2423; x_wconf 86' lang='lat' dir='ltr'>novissimam</span> <span class='ocrx_word' id='word_1_200' title='bbox 718 2364 871 2422; x_wconf 88' lang='lat' dir='ltr'>circumire</span> <span class='ocrx_word' id='word_1_201' title='bbox 899 2363 1085 2423; x_wconf 85' lang='lat' dir='ltr'>brevitatem.</span> 
     </span>
     <span class='ocr_line' id='line_1_26' title="bbox 29 2453 1086 2529; baseline -0.006 -13"><span class='ocrx_word' id='word_1_202' title='bbox 29 2475 57 2516; x_wconf 78' lang='lat' dir='ltr'>rs</span> <span class='ocrx_word' id='word_1_203' title='bbox 72 2453 159 2511; x_wconf 87' lang='lat' dir='ltr'>vides</span> <span class='ocrx_word' id='word_1_204' title='bbox 182 2455 297 2528; x_wconf 90' lang='lat' dir='ltr'>quanta</span> <span class='ocrx_word' id='word_1_205' title='bbox 322 2454 501 2528; x_wconf 89' lang='lat' dir='ltr'>promissum</span> <span class='ocrx_word' id='word_1_206' title='bbox 528 2471 614 2513; x_wconf 85' lang='lat' dir='ltr'>suum</span> <span class='ocrx_word' id='word_1_207' title='bbox 642 2455 932 2529; x_wconf 82' lang='lat' dir='ltr'>experimentumque</span> <span class='ocrx_word' id='word_1_208' title='bbox 960 2453 1086 2529; x_wconf 88' lang='lat' dir='ltr'>caligine</span> 
     </span>
     <span class='ocr_line' id='line_1_27' title="bbox 72 2540 1086 2619; baseline -0.001 -18"><span class='ocrx_word' id='word_1_209' title='bbox 72 2542 206 2601; x_wconf 87' lang='lat' dir='ltr'>medicus</span> <span class='ocrx_word' id='word_1_210' title='bbox 224 2540 404 2601; x_wconf 80' lang='lat' dir='ltr'>involverit?</span> <span class='ocrx_word' id='word_1_211' title='bbox 426 2561 588 2616; x_wconf 91' lang='lat' dir='ltr'>numquam</span> <span class='ocrx_word' id='word_1_212' title='bbox 607 2541 764 2617; x_wconf 75' lang='lat' dir='ltr'>constabit,</span> <span class='ocrx_word' id='word_1_213' title='bbox 779 2562 817 2601; x_wconf 90' lang='lat' dir='ltr'>an</span> <span class='ocrx_word' id='word_1_214' title='bbox 835 2543 926 2600; x_wconf 82' lang='lat' dir='ltr'>fuerit</span> <span class='ocrx_word' id='word_1_215' title='bbox 944 2543 1086 2619; x_wconf 85' lang='lat' dir='ltr'>languore</span> 
     </span>
     <span class='ocr_line' id='line_1_28' title="bbox 72 2630 1086 2708; baseline -0.003 -18"><span class='ocrx_word' id='word_1_216' title='bbox 72 2631 236 2690; x_wconf 88' lang='lat' dir='ltr'>moriturus</span> <span class='ocrx_word' id='word_1_217' title='bbox 264 2649 353 2708; x_wconf 82' lang='lat' dir='ltr'>aeger</span> <span class='ocrx_word' id='word_1_218' title='bbox 379 2632 433 2707; x_wconf 91' lang='lat' dir='ltr'>qui</span> <span class='ocrx_word' id='word_1_219' title='bbox 461 2630 549 2690; x_wconf 87' lang='lat' dir='ltr'>aliter</span> <span class='ocrx_word' id='word_1_220' title='bbox 575 2631 727 2690; x_wconf 88' lang='lat' dir='ltr'>occiditur.</span> <span class='ocrx_word' id='word_1_221' title='bbox 773 2649 833 2690; x_wconf 91' lang='lat' dir='ltr'>non</span> <span class='ocrx_word' id='word_1_222' title='bbox 864 2633 948 2705; x_wconf 81' lang='lat' dir='ltr'>novi,</span> <span class='ocrx_word' id='word_1_223' title='bbox 979 2630 1086 2706; x_wconf 86' lang='lat' dir='ltr'>inquit,</span> 
     </span>
     <span class='ocr_line' id='line_1_29' title="bbox 72 2719 1086 2797; baseline 0 -19"><span class='ocrx_word' id='word_1_224' title='bbox 72 2721 227 2797; x_wconf 88' lang='lat' dir='ltr'>languoris</span> <span class='ocrx_word' id='word_1_225' title='bbox 249 2739 351 2796; x_wconf 84' lang='lat' dir='ltr'>genus.</span> <span class='ocrx_word' id='word_1_226' title='bbox 386 2722 456 2795; x_wconf 89' lang='lat' dir='ltr'>post</span> <span class='ocrx_word' id='word_1_227' title='bbox 477 2720 554 2780; x_wconf 92' lang='lat' dir='ltr'>hanc</span> <span class='ocrx_word' id='word_1_228' title='bbox 572 2740 675 2780; x_wconf 86' lang='lat' dir='ltr'>vocem</span> <span class='ocrx_word' id='word_1_229' title='bbox 697 2720 862 2779; x_wconf 81' lang='lat' dir='ltr'>mehercule</span> <span class='ocrx_word' id='word_1_230' title='bbox 884 2739 944 2780; x_wconf 94' lang='lat' dir='ltr'>non</span> <span class='ocrx_word' id='word_1_231' title='bbox 967 2719 1086 2778; x_wconf 88' lang='lat' dir='ltr'>deberes</span> 
     </span>
     <span class='ocr_line' id='line_1_30' title="bbox 72 2809 1086 2887; baseline -0.001 -19"><span class='ocrx_word' id='word_1_232' title='bbox 72 2809 260 2868; x_wconf 88' lang='lat' dir='ltr'>committere</span> <span class='ocrx_word' id='word_1_233' title='bbox 278 2827 391 2887; x_wconf 86' lang='lat' dir='ltr'>aegros,</span> <span class='ocrx_word' id='word_1_234' title='bbox 415 2809 532 2868; x_wconf 88' lang='lat' dir='ltr'>etiamsi</span> <span class='ocrx_word' id='word_1_235' title='bbox 550 2810 641 2869; x_wconf 89' lang='lat' dir='ltr'>vellet</span> <span class='ocrx_word' id='word_1_236' title='bbox 659 2810 786 2886; x_wconf 87' lang='lat' dir='ltr'>experiri</span> <span class='ocrx_word' id='word_1_237' title='bbox 804 2812 934 2885; x_wconf 88' lang='lat' dir='ltr'>potionis</span> <span class='ocrx_word' id='word_1_238' title='bbox 953 2810 1086 2882; x_wconf 88' lang='lat' dir='ltr'>haustus,</span> 
     </span>
    </p>
   </div>
   <div class='ocr_carea' id='block_1_3' title="bbox 71 2959 1086 3596">
    <p class='ocr_par' dir='ltr' id='par_1_3' title="bbox 71 2959 1086 3596">
     <span class='ocr_line' id='line_1_31' title="bbox 147 2959 1086 3031; baseline 0 -17"><span class='ocrx_word' id='word_1_239' title='bbox 147 2959 491 3015; x_wconf 73' lang='lat' dir='ltr'>tinterestexinteresse</span> <span class='ocrx_word' id='word_1_240' title='bbox 505 2963 626 3031; x_wconf 75' lang='lat' dir='ltr'>1(corr.</span> <span class='ocrx_word' id='word_1_241' title='bbox 641 2964 669 3031; x_wconf 73' lang='lat' dir='ltr'>o)</span> <span class='ocrx_word' id='word_1_242' title='bbox 723 2962 811 3030; x_wconf 90' lang='lat' dir='ltr'>quod:</span> <span class='ocrx_word' id='word_1_243' title='bbox 831 2978 885 3030; x_wconf 88' lang='lat' dir='ltr'>qne</span> <span class='ocrx_word' id='word_1_244' title='bbox 900 2972 927 3015; x_wconf 72' lang='grc' dir='ltr'>ι’</span> <span class='ocrx_word' id='word_1_245' title='bbox 979 2961 1086 3030; x_wconf 77' lang='grc' dir='ltr'>4ρθιί-</span> 
     </span>
     <span class='ocr_line' id='line_1_32' title="bbox 72 3031 1017 3104; baseline -0.002 -17"><span class='ocrx_word' id='word_1_246' title='bbox 72 3031 146 3087; x_wconf 90' lang='lat' dir='ltr'>cnlis</span> <span class='ocrx_word' id='word_1_247' title='bbox 164 3041 193 3085; x_wconf 78' lang='grc' dir='ltr'>Ι</span> <span class='ocrx_word' id='word_1_248' title='bbox 279 3031 527 3101; x_wconf 69' lang='lat' dir='ltr'>periculi—</span> <span class='ocrx_word' id='word_1_249' title='bbox 420 3031 526 3086; x_wconf 89' lang='lat' dir='ltr'>habeas</span> <span class='ocrx_word' id='word_1_250' title='bbox 551 3048 646 3103; x_wconf 85' lang='lat' dir='ltr'>speres</span> <span class='ocrx_word' id='word_1_251' title='bbox 668 3043 689 3086; x_wconf 99' lang='lat' dir='ltr'><strong><em>V</em></strong></span> <span class='ocrx_word' id='word_1_252' title='bbox 776 3031 967 3104; x_wconf 69' lang='lat' dir='ltr'>6despera1lt</span> <span class='ocrx_word' id='word_1_253' title='bbox 989 3041 1017 3085; x_wconf 75' lang='lat' dir='ltr'><em>B</em></span> 
     </span>
     <span class='ocr_line' id='line_1_33' title="bbox 73 3102 1086 3159; baseline -0.003 -1"><span class='ocrx_word' id='word_1_254' title='bbox 73 3102 1086 3159; x_wconf 61' lang='lat' dir='ltr'>11suderes—educatu1usomresseseducaturuseesedu-</span> 
     </span>
     <span class='ocr_line' id='line_1_34' title="bbox 72 3173 1085 3266; baseline -0.004 -36"><span class='ocrx_word' id='word_1_255' title='bbox 72 3177 336 3242; x_wconf 70' lang='lat' dir='ltr'>caturns13esses</span> <span class='ocrx_word' id='word_1_256' title='bbox 355 3174 537 3229; x_wconf 88' lang='lat' dir='ltr'>seducatnrus</span> <span class='ocrx_word' id='word_1_257' title='bbox 555 3175 602 3230; x_wconf 81' lang='lat' dir='ltr'>sed</span> <span class='ocrx_word' id='word_1_258' title='bbox 620 3191 650 3228; x_wconf 88' lang='lat' dir='ltr'>se</span> <span class='ocrx_word' id='word_1_259' title='bbox 668 3193 704 3230; x_wconf 81' lang='lat' dir='ltr'>er.</span> <span class='ocrx_word' id='word_1_260' title='bbox 720 3185 752 3228; x_wconf 75' lang='grc' dir='ltr'><em>Μ</em></span> <span class='ocrx_word' id='word_1_261' title='bbox 822 3182 855 3230; x_wconf 85' lang='grc'>14</span> <span class='ocrx_word' id='word_1_262' title='bbox 870 3173 1085 3266; x_wconf 69' lang='lat' dir='ltr'>singtgulorum</span> 
     </span>
     <span class='ocr_line' id='line_1_35' title="bbox 72 3217 1085 3370; baseline -0.003 -69"><span class='ocrx_word' id='word_1_263' title='bbox 72 3257 101 3301; x_wconf 78' lang='grc' dir='ltr'>Ι</span> <span class='ocrx_word' id='word_1_264' title='bbox 170 3217 265 3301; x_wconf 75' lang='lat' dir='ltr'>ntroin</span> <span class='ocrx_word' id='word_1_265' title='bbox 282 3256 307 3300; x_wconf 77' lang='lat' dir='ltr'><em>J</em></span> <span class='ocrx_word' id='word_1_266' title='bbox 376 3247 447 3307; x_wconf 77' lang='grc' dir='ltr'>17Ξ</span> <span class='ocrx_word' id='word_1_267' title='bbox 415 3263 550 3370; x_wconf 59' lang='lat' dir='ltr'>d:quam</span> <span class='ocrx_word' id='word_1_268' title='bbox 572 3256 593 3298; x_wconf 94' lang='lat' dir='ltr'><strong><em>V</em></strong></span> <span class='ocrx_word' id='word_1_269' title='bbox 662 3247 877 3301; x_wconf 83' lang='lat' dir='ltr'>conscientiaV</span> <span class='ocrx_word' id='word_1_270' title='bbox 945 3245 1021 3300; x_wconf 90' lang='lat' dir='ltr'>credi</span> <span class='ocrx_word' id='word_1_271' title='bbox 1040 3262 1085 3298; x_wconf 86' lang='lat' dir='ltr'>cur</span> 
     </span>
     <span class='ocr_line' id='line_1_36' title="bbox 71 3302 1032 3389; baseline 0 -18"><span class='ocrx_word' id='word_1_272' title='bbox 71 3318 177 3374; x_wconf 83' lang='lat' dir='ltr'>debeat</span> <span class='ocrx_word' id='word_1_273' title='bbox 198 3328 220 3371; x_wconf 92' lang='lat' dir='ltr'><strong><em>V</em></strong></span> <span class='ocrx_word' id='word_1_274' title='bbox 278 3323 311 3373; x_wconf 86' lang='lat'>18</span> <span class='ocrx_word' id='word_1_275' title='bbox 330 3302 447 3389; x_wconf 70' lang='lat' dir='ltr'>detnd&#39;</span> <span class='ocrx_word' id='word_1_276' title='bbox 435 3327 506 3384; x_wconf 71' lang='lat' dir='ltr'>en,</span> <span class='ocrx_word' id='word_1_277' title='bbox 526 3317 591 3371; x_wconf 91' lang='lat' dir='ltr'>dein</span> <span class='ocrx_word' id='word_1_278' title='bbox 613 3327 635 3370; x_wconf 96' lang='lat' dir='ltr'><strong><em>V</em></strong></span> <span class='ocrx_word' id='word_1_279' title='bbox 692 3318 810 3372; x_wconf 85' lang='lat' dir='ltr'>haberet</span> <span class='ocrx_word' id='word_1_280' title='bbox 828 3329 860 3386; x_wconf 73' lang='grc' dir='ltr'>ι’</span> <span class='ocrx_word' id='word_1_281' title='bbox 881 3318 995 3372; x_wconf 87' lang='lat' dir='ltr'>deberet</span> <span class='ocrx_word' id='word_1_282' title='bbox 1010 3338 1032 3378; x_wconf 74' lang='grc' dir='ltr'>ιι</span> 
     </span>
     <span class='ocr_line' id='line_1_37' title="bbox 74 3360 1084 3459; baseline -0.005 -15"><span class='ocrx_word' id='word_1_283' title='bbox 74 3396 107 3444; x_wconf 87' lang='grc'>19</span> <span class='ocrx_word' id='word_1_284' title='bbox 125 3406 190 3444; x_wconf 87' lang='lat' dir='ltr'>nec:</span> <span class='ocrx_word' id='word_1_285' title='bbox 209 3405 266 3444; x_wconf 92' lang='lat' dir='ltr'>non</span> <span class='ocrx_word' id='word_1_286' title='bbox 284 3402 305 3443; x_wconf 75' lang='lat' dir='ltr'>o</span> <span class='ocrx_word' id='word_1_287' title='bbox 365 3395 398 3443; x_wconf 80' lang='lat'>23</span> <span class='ocrx_word' id='word_1_288' title='bbox 419 3360 635 3459; x_wconf 86' lang='lat' dir='ltr'>desperationis.</span> <span class='ocrx_word' id='word_1_289' title='bbox 654 3406 756 3445; x_wconf 76' lang='lat' dir='ltr'>rasura</span> <span class='ocrx_word' id='word_1_290' title='bbox 771 3407 805 3443; x_wconf 78' lang='lat' dir='ltr'>cs</span> <span class='ocrx_word' id='word_1_291' title='bbox 822 3407 864 3443; x_wconf 90' lang='lat' dir='ltr'>-es</span> <span class='ocrx_word' id='word_1_292' title='bbox 878 3399 906 3443; x_wconf 76' lang='lat' dir='ltr'>fl</span> <span class='ocrx_word' id='word_1_293' title='bbox 968 3394 1001 3442; x_wconf 78' lang='lat'>26</span> <span class='ocrx_word' id='word_1_294' title='bbox 1021 3404 1084 3441; x_wconf 91' lang='lat' dir='ltr'>con-</span> 
     </span>
     <span class='ocr_line' id='line_1_38' title="bbox 73 3459 1085 3525; baseline -0.005 -9"><span class='ocrx_word' id='word_1_295' title='bbox 73 3461 163 3516; x_wconf 89' lang='lat' dir='ltr'>stabit</span> <span class='ocrx_word' id='word_1_296' title='bbox 186 3478 220 3516; x_wconf 78' lang='lat' dir='ltr'>es</span> <span class='ocrx_word' id='word_1_297' title='bbox 245 3462 288 3514; x_wconf 86' lang='lat' dir='ltr'>-at</span> <span class='ocrx_word' id='word_1_298' title='bbox 312 3470 340 3514; x_wconf 74' lang='lat' dir='ltr'><em>B</em></span> <span class='ocrx_word' id='word_1_299' title='bbox 428 3465 461 3515; x_wconf 77' lang='lat'>28</span> <span class='ocrx_word' id='word_1_300' title='bbox 486 3459 683 3514; x_wconf 88' lang='lat' dir='ltr'>miherculeV</span> <span class='ocrx_word' id='word_1_301' title='bbox 770 3466 803 3514; x_wconf 79' lang='lat'>29</span> <span class='ocrx_word' id='word_1_302' title='bbox 829 3460 953 3515; x_wconf 87' lang='lat' dir='ltr'>etiamsi:</span> <span class='ocrx_word' id='word_1_303' title='bbox 980 3459 1033 3513; x_wconf 89' lang='lat' dir='ltr'>etsi</span> <span class='ocrx_word' id='word_1_304' title='bbox 1052 3468 1085 3525; x_wconf 75' lang='grc' dir='ltr'>ι’,</span> 
     </span>
     <span class='ocr_line' id='line_1_39' title="bbox 72 3531 541 3596; baseline -0.006 -7"><span class='ocrx_word' id='word_1_305' title='bbox 72 3549 141 3589; x_wconf 77' lang='lat' dir='ltr'>corr.</span> <span class='ocrx_word' id='word_1_306' title='bbox 153 3554 176 3596; x_wconf 76' lang='grc' dir='ltr'>ιι</span> <span class='ocrx_word' id='word_1_307' title='bbox 246 3531 378 3586; x_wconf 71' lang='lat' dir='ltr'>vellete:</span> <span class='ocrx_word' id='word_1_308' title='bbox 397 3532 501 3589; x_wconf 85' lang='lat' dir='ltr'>vellent</span> <span class='ocrx_word' id='word_1_309' title='bbox 518 3554 541 3586; x_wconf 84' lang='grc' dir='ltr'><em>ω</em></span> 
     </span>
    </p>
   </div>
   <div class='ocr_carea' id='block_1_4' title="bbox 0 0 1208 3840">
    <p class='ocr_par' dir='ltr' id='par_1_4' title="bbox 0 0 1208 3840">
     <span class='ocr_line' id='line_1_40' title="bbox 0 0 1208 3840; baseline 0 0"><span class='ocrx_word' id='word_1_310' title='bbox 0 0 1208 3840; x_wconf 95' lang='lat' dir='ltr'> </span> 
     </span>
    </p>
   </div>
  </div>
 </body>
</html>
