2408 3840
141 182 184 247 66
451 183 633 237 TRIBVNVS
651 180 842 237 MARIANVS

139 351 288 424 impendit.
321 368 380 411 eeee
392 357 461 425 post
477 355 648 412 sententiani
666 355 763 426 apitnr
780 355 814 411 in
831 352 991 421 tribnnmn,
1008 352 1150 410 arbitrem

141 457 195 516 qne
221 441 412 501 indiaiarinrn
438 442 540 500 nititis
565 443 722 500 inbnrnani
747 442 983 514 praeposteravit
1008 442 1150 514 inpiam.

140 531 210 590 baee
232 530 272 590 ab
294 531 478 590 mendacium
499 529 602 589 militis
629 531 811 604 arpnmnimn
832 531 897 589 sota
919 531 1052 604 profesta
1075 528 1151 589 debet

141 636 233 679 emrsn
253 621 397 693 satirae.
441 636 501 678 non
524 621 601 678 enirn
623 637 689 678 emn
710 622 745 678 in
766 635 858 679 cansa
874 623 993 692 poteret
1012 634 1151 692 saperme

141 727 225 783 pnern
243 713 309 768 mete
326 709 478 777 inmittam,
495 726 533 768 ne
550 711 584 767 in
601 711 712 768 annm
730 709 870 780 denarret,
886 709 982 767 sabito
998 708 1150 782 manen
1167 722 1180 764 t

141 801 203 874 epit
224 800 257 857 in
280 815 358 867 earn,
380 802 538 872 pastpnmn
560 798 663 857 eremit
684 815 767 871 anem
789 801 823 856 at
844 798 919 856 tetra
940 799 1045 870 petias
1067 812 1151 871 qnam

140 893 174 946 nt
195 888 278 946 mites
300 892 441 960 tmepnam
463 904 497 945 en
520 887 637 946 maritis
658 887 777 945 nesidiis
799 886 959 960 impreviso
980 888 1076 945 striati
1096 900 1150 959 pa
1192 960 1194 967 Ι

139 979 236 1051 prbnis
258 979 318 1035 ietn
334 977 473 1049 perfodit,
512 976 649 1048 proditer
670 975 878 1049 trmrdntentns
899 975 1054 1033 tribmmm
1075 975 1150 1034 atar-
1191 970 1194 1051 ἰ

142 1067 261 1124 destinis
293 1065 368 1123 abiis
396 1069 422 1123 et
446 1065 657 1134 simnitatibns,
684 1069 719 1122 nt
748 1066 935 1133 interimeret,
967 1065 1151 1123 eiremnamit
1192 1054 1194 1093 ¹

142 1172 225 1227 qnern
242 1156 372 1226 prefecto
394 1170 454 1212 nan
476 1154 635 1222 occidisset,
662 1156 722 1212 nisi
739 1156 829 1226 prins
851 1153 891 1213 ab
913 1170 980 1212 enm
996 1169 1055 1225 per
1077 1100 1194 1211 obse-10¹

142 1245 205 1316 qnii
230 1244 352 1315 speeiem
379 1245 549 1301 arcessisset.
595 1246 621 1302 et
647 1243 687 1300 ni
712 1242 862 1301 enmnbrrn
887 1242 1026 1315 pnbiiaae
1054 1243 1150 1315 eonsu-

141 1334 233 1390 stenis
256 1335 283 1390 et
304 1331 433 1400 dederas,
456 1332 496 1390 aa
517 1334 662 1391 ininrr'anr
684 1333 792 1390 eirinrn
810 1335 836 1390 et
852 1334 971 1390 senates
988 1348 1074 1405 paene
1093 1346 1151 1388 nan

143 1423 303 1488 eeensamt,
330 1421 401 1478 amn
426 1422 545 1490 viveret,
572 1438 671 1480 emarn
699 1421 832 1479 mnitibus
858 1421 920 1479 iarn
941 1423 1012 1494 past
1034 1423 1151 1478 mertem

142 1509 303 1582 irnpndenti
324 1510 474 1568 naniam
501 1512 624 1583 turpiter
646 1511 821 1569 erirninatar
844 1513 870 1568 et
891 1511 997 1584 arpnit.
1042 1513 1075 1567 at
1094 1524 1151 1566 nmr

143 1603 205 1657 erat
232 1599 272 1657 aa
295 1599 477 1657 eniienbmn
504 1599 712 1668 amnittenans,
739 1601 811 1672 qnia
837 1599 953 1657 triberis
974 1598 1185 1671 praeripiatis

142 1691 169 1746 si
186 1704 246 1746 nan
263 1688 315 1746 boe
333 1704 443 1761 paeane
460 1688 556 1762 tepam
567 1690 766 1761 praecavisset
783 1689 950 1756 anetmitas,
967 1690 1001 1746 nt
1018 1686 1151 1761 tepitirrir

142 1779 281 1836 eminersa
304 1779 530 1836 terminarentur
551 1779 707 1836 sententiis.
751 1776 858 1836 nidera
877 1778 968 1851 ipitnr
990 1780 1059 1836 ante
1078 1791 1152 1834 mar·

144 1870 328 1938 temperem
349 1866 395 1924 eet
418 1867 541 1940 effapere
562 1867 607 1925 aet
630 1867 747 1941 ebifferre
769 1866 827 1925 sibi
848 1866 963 1924 laborat
987 1866 1152 1940 infelicissi-

142 1971 209 2013 nnrs
230 1954 402 2027 pernitiae,
429 1955 534 2014 viderit
554 1957 617 2028 ipse
637 1972 766 2028 paenam
788 1972 877 2029 qnam
903 1957 930 2013 ei
955 1955 1002 2014 ten
1025 1954 1153 2029 irrepat

143 2044 340 2112 maritaverit,
372 2043 477 2102 ambiat
507 2061 541 2103 ere
572 2045 678 2103 tabella
709 2045 907 2105 dannationis
935 2060 1008 2103 snae
1036 2044 1192 2103 raanan

143 2135 323 2201 sententimn,
345 2136 378 2190 nt
398 2137 517 2192 nemtern
537 2151 626 2206 qnmn
648 2133 802 2192 ernietiter
817 2133 951 2192 malisse
967 2150 999 2192 se
1014 2134 1152 2199 meminit,

143 2225 177 2281 in
198 2238 229 2281 se
251 2223 455 2281 miserabiliter
476 2222 659 2296 referendam
677 2236 771 2295 aepaa
788 2223 871 2281 tmne
887 2225 992 2295 penset
1006 2225 1035 2280 et
1052 2222 1152 2280 enen

92 2310 130 2366 10
217 2310 255 2370 Ut
281 2315 378 2370 mntem
405 2311 532 2383 amplias
558 2311 714 2370 ireseientia
740 2311 842 2369 militis
864 2314 891 2369 et
910 2311 1064 2369 tamtarn
1091 2326 1152 2369 mn·

23 2390 26 2397 ’
144 2400 305 2473 fandatnr:
330 2394 368 2458 ‘si
390 2393 482 2468 tates',
504 2402 608 2472 neanit,
632 2394 741 2458 ‘onmes
762 2400 901 2458 trabmmn
922 2399 1038 2468 natm,
1062 2399 1153 2466 Mari,

144 2483 288 2548 eieimns'.
334 2507 374 2547 nn
396 2505 456 2546 nme
477 2491 580 2562 napis,
604 2481 643 2546 ‘si
665 2489 736 2547 tates
759 2504 856 2546 mnnes
878 2488 1017 2547 babemus
1041 2488 1189 2554 militam

145 2581 311 2651 imperatm,
330 2582 355 2636 et
372 2579 523 2636 materiam
542 2581 568 2636 et
584 2579 675 2635 eitam
688 2571 904 2649 perdidimnst’
941 2580 1055 2635 emetat
1071 2578 1152 2643 min,

145 2667 222 2740 pand
244 2682 341 2724 mnnes
364 2671 390 2725 et
410 2669 518 2725 seinans
539 2668 655 2739 pariter
678 2670 704 2725 et
725 2666 868 2725 detentas:
897 2667 1049 2724 tribrmam
1074 2666 1152 2725 mila

147 2755 256 2815 remitit.
302 2756 378 2829 qnod
408 2759 435 2815 si
466 2757 565 2829 feeerit
594 2757 792 2830 nnnspnisqne
823 2755 965 2823 simititer,
997 2757 1025 2813 si
1056 2754 1154 2813 rimati

145 2848 225 2919 terro
247 2846 391 2918 fnernnns
413 2847 526 2904 eiseera
543 2846 695 2914 som'mnm,
717 2860 777 2903 nme
793 2846 936 2918 supererit
957 2845 1009 2918 pai
1026 2845 1154 2905 marna

219 3002 308 3065 iique
327 3012 377 3051 om.
395 3006 416 3049 o
461 2995 630 3050 iudiearium
644 3005 682 3064 Ν,
700 2995 711 3049 i
728 3013 803 3065 snpr.
818 3017 849 3049 m
903 2993 1002 3050 thee:
1021 3011 1038 3049 ο
1056 2998 1182 3053 earm,

147 3069 191 3136 (en
210 3064 264 3135 0?)
284 3076 316 3121 Ν
385 3067 457 3123 sola:
482 3067 554 3121 solet
572 3076 604 3121 Ν
673 3073 763 3121 bnee
784 3077 805 3120 υ
876 3066 970 3122 subito
991 3074 1093 3123 mn.N

146 3138 276 3209 vigilavit
293 3144 327 3191 N
394 3141 583 3208 ibamquam:
603 3140 752 3207 postquam
771 3144 805 3191 N
870 3137 1110 3193 8fraudulendus
1128 3144 1159 3192 Ι

149 3215 182 3264 10
200 3210 255 3263 nisi
269 3209 347 3278 prius
361 3211 393 3263 in
411 3210 513 3264 laeana
526 3226 576 3264 mn.
587 3215 621 3262 N
674 3226 724 3278 per
738 3209 866 3278 obsequii
885 3210 1007 3280 speeiem
1020 3219 1087 3266 10:
1105 3222 1157 3281 pro

148 3298 172 3334 0.
188 3281 280 3350 speeie
295 3287 328 3334 Ν
377 3286 410 3334 12
429 3281 573 3337 iniuriam:
594 3280 696 3333 iuriam
710 3289 742 3333 N
794 3288 827 3335 14
845 3282 992 3351 turpititer
1006 3290 1029 3335 ο
1082 3280 1157 3337 ltei

147 3369 203 3406 non
218 3361 259 3405 M:
279 3352 337 3405 sive
351 3357 391 3418 N3
411 3352 469 3405 sive
486 3353 528 3406 aet
545 3350 606 3405 sine
626 3361 648 3404 θ
702 3356 734 3405 17
755 3354 833 3406 ante:
855 3356 906 3406 aut
923 3359 957 3406 Ν
1007 3357 1041 3407 18
1059 3369 1157 3423 quam:

149 3424 198 3492 qui
216 3432 249 3476 r!
317 3427 351 3476 20
369 3422 478 3477 tubelle
496 3429 529 3476 Ν
594 3423 713 3476 recitare
732 3429 766 3476 N
832 3429 866 3478 23
886 3425 993 3479 sutem:
1012 3426 1065 3479 sut
1083 3433 1107 3478 ο

149 3499 183 3547 25
201 3494 292 3563 magis
310 3495 343 3547 in
360 3495 461 3549 menna
479 3511 529 3549 mn.
545 3500 579 3546 N
623 3493 757 3548 -militss
776 3511 826 3550 mn.
842 3501 876 3549 N
954 3496 1159 3551 tietwinus

136 3566 170 3618 r'n
188 3566 294 3622 henna
312 3582 363 3622 mn.
379 3573 416 3621 N
483 3571 516 3621 29
535 3565 690 3621 vibriesso
