2408 3840
402 144 637 201 DECLAMATIO
655 147 694 201 VI
709 153 820 202 10-12.
997 165 1002 176 ·
1053 148 1115 211 121

102 315 185 374 saria
207 318 308 390 amnt,
336 334 370 374 ex
392 333 423 374 se
450 316 518 392 ipsa
543 318 709 392 prospexit,
735 315 792 390 ita,
820 335 887 375 curn
913 335 1015 376 rursus
1043 335 1118 393 opus

107 423 193 462 sunm
214 403 352 480 resolvit,
379 422 503 480 corpora
525 406 627 463 nostra
650 423 741 480 quam
766 405 896 480 primum
917 405 1056 465 reducere
1079 405 1118 465 ad

107 492 257 571 principia
283 492 419 568 festinat,
448 497 483 552 ut
510 492 633 552 desertis
663 495 754 553 etiam
785 493 858 553 locis
886 494 964 554 circa
993 494 1119 554 cadaver

105 583 206 643 naon
227 581 373 642 imbribus
396 586 476 641 terra
497 583 667 658 concrescit,
690 583 836 660 adgerunt
858 583 1010 659 pulverem
1028 583 1119 658 venti,

79 675 136 737 set
162 671 331 748 liquefacta
356 672 451 730 multa
478 672 525 729 die
556 671 690 730 membra
717 671 866 747 paulatim
896 671 1004 730 humus
1034 672 1120 747 bibit,

104 761 227 820 etiamsi
255 760 356 819 nullus
382 761 487 837 operit
534 761 653 836 etipsa
681 761 770 838 longo
794 762 926 835 tempore
948 761 981 818 in
1007 764 1120 820 terram

105 867 174 910 ossa
197 848 347 909 desidunt.
392 849 477 908 nobis
499 867 570 908 vero
594 849 734 920 adversus
758 849 906 908 exanimes
935 849 1039 927 genuit
1060 868 1120 908 non

105 939 205 999 solum
231 937 452 997 miserationem
478 957 556 1014 quae
584 938 760 1015 cogitationi
791 941 910 997 nostrae
943 938 1036 1012 subit,
1068 939 1120 997 sed

105 1030 200 1088 etiam
226 1027 408 1103 religionem.
453 1026 523 1086 inde
550 1027 661 1104 ignotis
684 1046 802 1104 quoque
830 1027 1002 1104 corporibus
1023 1030 1121 1086 trans·

71 1119 247 1181 roeuntium
275 1116 425 1176 viatorum
457 1115 615 1175 conlaticia
646 1117 811 1192 sepultura,
843 1116 912 1175 inde
941 1116 1051 1175 iniecta
1082 1116 1120 1176 ab

108 1207 215 1266 alienis
238 1205 353 1264 humus.
397 1206 513 1264 facinus
535 1205 704 1285 indignum,
728 1224 795 1264 cum
817 1206 890 1264 haec
912 1207 957 1264 ita
979 1206 1053 1265 sint:
1076 1223 1121 1272 se,-

106 1295 212 1374 pultus
235 1296 312 1353 esset
333 1293 412 1353 filius
434 1302 527 1369 mens,
552 1294 611 1353 nisi
632 1295 785 1354 incidisset
807 1294 839 1352 in
861 1296 995 1354 matrem.

173 1384 216 1443 nt
237 1384 323 1458 haec,
346 1382 470 1459 iudices,
498 1401 558 1441 non
579 1383 647 1442 ideo
671 1402 725 1461 ego
749 1383 828 1458 dico,
855 1385 889 1442 ut
913 1384 1032 1442 adfectu
1054 1383 1121 1442 iura

106 1491 299 1549 corrumpam
311 1489 406 1548 neque
419 1471 505 1531 vobis
522 1471 684 1548 praecipio,
697 1473 749 1531 sad
766 1471 953 1532 adversariae
968 1472 1120 1549 exprobro.

71 1586 94 1626 n
107 1563 207 1640 legem
225 1561 344 1637 quidem
366 1563 456 1620 istam
474 1560 580 1637 quidni
602 1562 747 1636 horream,
771 1580 837 1620 cum
854 1560 887 1618 id
908 1581 1002 1619 unum
1018 1563 1121 1620 miser·

106 1652 184 1712 rimo
213 1651 315 1710 iuveni
342 1651 383 1710 sit
409 1649 559 1708 obiectum
586 1649 667 1727 quod
692 1651 725 1709 in
751 1650 923 1710 calamitate
951 1669 1010 1709 non
1040 1651 1121 1708 dese·

105 1740 203 1799 merit
225 1737 363 1816 patrem?
408 1740 460 1798 sed
482 1741 629 1815 quatenus
652 1739 751 1798 luctus
773 1739 868 1798 nostrl
891 1739 922 1796 in
944 1741 991 1800 ius
1014 1757 1121 1798 vocan-

106 1834 167 1905 tur,
191 1831 223 1887 et
244 1827 328 1887 flenti
351 1827 566 1906 disputandum
588 1831 642 1903 est,
666 1831 696 1887 et
718 1827 842 1888 orbitati
860 1847 930 1887 suae
948 1831 1045 1887 mater
1062 1829 1121 1886 ira-

107 1920 211 1994 soitru,
235 1936 405 1993 superemus
424 1936 514 1992 quam
536 1935 657 1977 exorare
674 1936 734 1976 non
752 1936 916 1994 possumus.
954 1921 984 1976 et
1002 1918 1121 1993 quando

70 2030 96 2071 n
109 2007 238 2066 duorum
260 2005 415 2065 hominum
437 2005 592 2064 miseriora
609 2009 681 2065 vota
699 2006 825 2082 vidistis,
849 2008 883 2064 ut
902 2006 937 2064 de
957 2007 1007 2065 his
1027 2010 1121 2082 pater,

108 2096 280 2170 sivicerit,
302 2094 398 2154 filium
421 2113 508 2154 snum
532 2095 646 2170 efferat,
667 2099 777 2170 mater,
799 2096 825 2155 si
848 2095 966 2170 vicerit,
992 2093 1122 2153 abiciat?

109 2204 188 2263 quae
219 2187 321 2244 tamen
352 2185 401 2242 lex
432 2181 498 2243 est?
550 2185 611 2261 qui
640 2186 810 2260 parentes
841 2184 878 2241 in
911 2184 1121 2242 calamitate

109 2273 328 2348 deseruerit,
364 2273 571 2349 insepultus
604 2273 792 2332 abiciatur.
846 2273 941 2330 omnis
972 2272 1058 2331 nobis
1089 2273 1122 2330 in

107 2364 167 2424 hac
184 2365 268 2440 prius
287 2381 385 2437 cansa,
407 2362 529 2437 indices,
551 2362 587 2421 dc
606 2362 716 2438 scripto
735 2364 766 2421 et
783 2362 938 2420 intellectu
960 2360 1035 2437 legis
1054 2379 1122 2419 con-

71 2475 96 2517 eo
108 2452 206 2512 tentio
229 2454 283 2526 est,
305 2454 407 2510 utinm
424 2451 581 2511 verborum
604 2451 800 2529 ambiguitate
821 2470 860 2508 an
878 2450 1042 2509 voluntatis
1064 2448 1122 2508 fide

109 2540 251 2602 standum
275 2541 323 2600 sit.

177 2629 251 2689 Pars
274 2629 354 2688 enim
375 2629 494 2688 diversa
515 2629 548 2687 id
569 2629 678 2688 nititur
702 2631 858 2705 parentem
884 2627 975 2687 fnisse
993 2627 1025 2685 in
1043 2628 1175 2687 cala-12

109 2720 217 2779 mitcte
246 2737 312 2777 eam
338 2737 415 2794 quae
443 2717 560 2787 deserta
585 2717 638 2792 sit3
670 2717 755 2777 cuius
781 2717 825 2775 rei
840 2736 946 2794 poena
972 2720 1018 2776 est
1046 2716 1122 2777 abici

111 2808 302 2885 insepultum.
348 2807 420 2884 quid
447 2809 514 2866 tum
540 2807 632 2866 fuerit
658 2799 690 2865 in
718 2825 821 2882 causa,
850 2807 924 2883 quid
950 2807 991 2866 sit
1019 2807 1123 2882 postea

182 3067 385 3123 conans
435 3047 604 3131 ohuffirsn
657 3066 942 3132 tatzadmetr!
994 3070 1124 3128 ireres
1169 3125 1171 3132 ,

111 3145 221 3210 equae
239 3138 270 3193 in
289 3136 455 3208 cogitationi
473 3146 505 3190 Μ
582 3138 679 3191 nostra
696 3146 729 3190 Μ
812 3142 845 3191 14
864 3135 999 3204 exprobro
1018 3134 1123 3205 legem:

112 3228 236 3317 exprobd
254 3244 282 3317 lp
300 3243 363 3314 lege
381 3253 410 3297 B
481 3248 513 3297 16
533 3243 649 3312 qnidam
667 3253 699 3296 Μ
768 3242 867 3312 quidni
889 3243 1030 3326 horream:
1055 3241 1124 3309 quid

111 3353 271 3410 inhorream
285 3365 322 3417 co
366 3349 502 3407 horreat⁷
547 3355 581 3404 20
596 3349 631 3403 de
644 3349 701 3404 his:
717 3349 777 3404 deis
790 3359 851 3417 ⁸1⁷3
866 3332 946 3403 dehid
960 3349 980 3418 (i
992 3366 1068 3420 supr.
1081 3349 1123 3420 ιιι)

114 3435 144 3479 Ι
210 3430 243 3480 21
264 3422 365 3479 afferat
386 3432 408 3475 V
467 3427 501 3476 25
519 3421 574 3476 fide
593 3421 725 3476 standum
744 3432 771 3475 e:
791 3421 846 3475 fide
865 3422 1003 3475 statutum
1020 3430 1124 3488 Bucen

113 3531 182 3586 fides
200 3532 312 3586 tantum
334 3540 356 3583 V
424 3535 456 3583 2'1
475 3511 528 3598 pds
546 3539 574 3582 P
643 3527 765 3611 diversa:
786 3530 855 3586 aio
868 3546 926 3587 roa.
940 3550 974 3583 n
