2408 3840
413 152 646 209 DECLAMATIO
664 153 703 207 IX
721 159 798 208 5—8.
1044 152 1108 216 173

92 324 217 385 servilia
241 342 324 383 arma
346 325 377 381 et
398 321 596 400 ignominiosa
618 325 714 382 morte
737 324 878 397 perituro,
900 324 973 395 tum,
997 323 1023 381 si
1045 322 1109 379 ulla

92 413 211 472 miseris
234 411 307 472 fides
330 414 383 486 est,
406 412 478 486 quid
499 413 606 471 horum
629 413 761 472 omnium
778 413 878 488 ignari
897 413 1018 488 agerent
1040 430 1108 486 pro-

93 503 203 580 pinqui
224 501 302 560 nihil
323 501 408 576 peius
426 500 462 560 de
484 502 606 562 fortuna
628 519 695 560 mea
714 502 897 576 suspicantes
920 519 1010 575 quam
1029 500 1109 575 quod

95 592 286 667 scripseram:
317 589 395 649 fflud
426 592 527 650 tamen
559 591 767 668 gravissimum
798 589 877 664 quod
908 591 1025 664 patrem
1057 590 1109 663 qui

73 679 215 743 ctamdiu
241 698 302 739 non
324 679 439 738 veniret
467 680 587 755 captum
613 679 764 756 putabam.
811 697 881 756 ergo
904 680 970 737 tota
997 679 1109 754 cogita·

96 771 179 828 in'one
202 769 335 827 intentus
357 768 391 825 in
410 772 540 833 mortem,
555 768 746 844 expectabam
764 769 919 827 cruentum
936 767 1023 824 illum
1042 784 1108 824 con·

95 859 247 918 sectorem.
294 859 360 932 quis
382 859 462 916 enim
485 856 601 916 dubitet
622 857 696 933 quid
718 857 853 916 futurum
875 856 978 928 fuerit,
1006 854 1031 913 si
1055 874 1109 932 ego

95 944 297 1024 pugnassem?
342 946 393 1005 ille
421 965 538 1022 quoque
569 947 682 1006 occisus
715 948 760 1005 est
787 947 840 1021 qui
870 946 950 1003 inter
976 962 1043 1018 nos,
1076 945 1110 1002 ut

98 1038 234 1112 apparet,
255 1035 362 1094 fortior
383 1036 450 1095 fuit.

58 1147 84 1188 ro
166 1123 222 1184 His
250 1124 480 1201 cogitationibus
508 1124 637 1183 attonito
665 1126 696 1182 et
721 1125 752 1181 in
776 1125 902 1182 mortem
928 1124 990 1180 iam
1018 1140 1111 1196 paene

98 1214 247 1287 demerso,
269 1214 425 1289 inopinata
448 1213 546 1273 subito
571 1214 660 1272 amici
681 1214 741 1271 mei
764 1214 874 1289 species
898 1211 1014 1270 effulsit.
1062 1210 1112 1269 ob-

99 1304 207 1378 stipui,
236 1304 391 1378 totumque
424 1320 529 1378 corpus
555 1303 703 1378 percurrit
734 1301 861 1379 frigidus
892 1319 987 1376 pavor
1018 1319 1112 1375 neque

100 1391 199 1465 aliter,
218 1409 308 1467 quam
326 1393 352 1451 si
370 1410 449 1450 vana
467 1391 632 1450 obiceretur
650 1391 743 1450 oculis
764 1391 872 1469 imago,
891 1392 989 1448 mente
1008 1391 1112 1464 captus

99 1482 181 1540 steti.
226 1479 278 1538 ubi
303 1479 433 1556 primum
459 1481 511 1538 lux
537 1479 628 1538 rediit
654 1481 845 1554 laxatumque
868 1481 914 1538 est
935 1497 1029 1552 usque
1055 1478 1113 1535 huc

60 1591 86 1634 rs
99 1571 160 1629 iter
187 1571 265 1644 voci,
291 1563 375 1644 ‘quid
401 1565 471 1627 tu?’
503 1570 638 1644 inquam,
663 1564 734 1643 ‘quo
764 1586 833 1627 casu
865 1568 1027 1644 pervenisti
1056 1568 1113 1624 huc

100 1656 212 1717 miser?
257 1658 402 1734 numquid
425 1660 455 1716 et
476 1660 507 1717 te
529 1657 687 1717 vendidere
709 1650 860 1734 pirataet'
906 1656 1011 1715 atille
1035 1674 1113 1715 com-

100 1749 207 1825 plexus
230 1748 356 1807 cervices
379 1766 460 1807 meas
484 1747 584 1807 effusis
606 1748 639 1805 in
663 1750 765 1822 pectus
788 1765 887 1805 meum
913 1744 1044 1804 lacrimis
1068 1763 1114 1803 so·

100 1838 184 1896 lutus
216 1837 380 1911 intercepto
412 1855 504 1911 prope
535 1837 597 1894 iam
624 1837 732 1912 spiritu
764 1854 828 1895 sero
857 1837 918 1893 iam
945 1833 1114 1909 trepidante

101 1945 150 1985 me
177 1926 306 2002 primam
329 1943 431 1984 vocem
458 1927 489 1984 et
511 1925 563 1983 diu
590 1926 684 1984 solam
711 1924 817 1983 edidit:
845 1919 929 1984 ‘satis
952 1918 1034 1982 vixi’.
1080 1923 1115 1980 ut

60 2037 88 2078 sc
102 2034 174 2074 vero
198 2032 301 2073 causas
322 2012 438 2074 itineris
460 2013 591 2072 reddidit
613 2016 643 2073 et
665 2015 779 2072 venisse
802 2032 832 2073 se
856 2013 894 2072 ad
911 2011 1115 2070 redimendum

102 2103 263 2163 indicavit:
286 2097 329 2162 ‘et
345 2097 445 2177 unde',
467 2104 599 2178 inquam,
622 2096 691 2161 ‘tibi
713 2103 847 2178 pecunia,
870 2103 929 2160 nisi
946 2101 1064 2160 redistis
1083 2101 1115 2158 in

103 2194 243 2270 gratiam,
267 2195 297 2250 et
318 2193 348 2250 te
371 2193 457 2268 pater
479 2211 561 2251 meus
584 2187 697 2251 misaa’

171 2280 283 2339 Audite
306 2284 420 2358 gentes,
443 2281 544 2340 audite
566 2282 683 2356 populi,
706 2300 766 2339 non
784 2279 872 2339 solita
894 2278 1038 2336 iudicium
1061 2295 1112 2335 no·
1132 2277 1150 2332 8
1195 2338 1197 2343 ,

104 2373 202 2430 strum
229 2389 337 2428 corona
364 2371 547 2443 circumstet,
578 2369 642 2444 sed,
674 2369 700 2428 si
727 2370 842 2445 patitur
873 2369 981 2425 natura
1008 2386 1115 2440 rerum,

61 2481 90 2522 ss
104 2462 187 2520 totus
212 2459 250 2517 ad
272 2459 470 2536 cognitionem
492 2459 563 2518 tuiis
586 2459 714 2534 exempli
736 2457 815 2517 orbis
841 2456 1033 2516 circumfluat.
1070 2457 1116 2513 ta-

106 2551 170 2608 cete
192 2548 294 2625 priora
316 2549 442 2622 saecula,
467 2550 499 2605 in
523 2548 628 2624 quibus
651 2549 753 2607 tamen
776 2566 794 2604 a
816 2545 977 2622 primordio
1001 2546 1116 2623 generis

105 2639 231 2697 hnmani
257 2638 436 2712 paucissima
464 2639 613 2696 amicitiae
642 2637 728 2713 paria
755 2635 977 2695 admirabiliora
1005 2635 1118 2693 fecerat

179 2812 195 2859 2
218 2804 330 2860 horum:
349 2806 483 2861 honorem
501 2815 539 2873 Β;
563 2807 699 2859 honorum
718 2815 759 2871 Β,
778 2805 823 2860 vel
840 2805 908 2887 hore
926 2822 1000 2874 capr.
1015 2825 1047 2856 m

108 2901 208 2949 3mea
226 2911 276 2950 om.
290 2905 315 2948 1
384 2895 557 2964 suspicantes
576 2904 604 2948 Β
674 2893 813 2948 ttandiu
831 2904 859 2947 Β
928 2892 1066 2946 inveniret
1084 2901 1118 2959 Β,

107 2967 138 3021 in
157 2966 241 3021 dete
308 2966 429 3035 putabat
446 2975 481 3034 Β,
499 2976 600 3021 corno
666 2982 717 3036 ego
737 2978 758 3018 c
827 2967 1005 3018 6cruentem
1022 2973 1050 3016 Β

108 3037 288 3093 confictorem
306 3046 334 3090 Β
404 3038 579 3107 θαρρατθῒξ
601 3039 630 3106 (2
648 3037 698 3092 titt.
713 3039 760 3106 er.)
774 3045 802 3089 Β
874 3041 906 3089 10
926 3034 1118 3104 cogitatiobus

108 3119 137 3163 Β
216 3109 258 3162 in:
281 3107 356 3162 inter
373 3116 432 3162 ml
511 3114 542 3162 11
567 3109 692 3162 demerso
711 3126 744 3163 ea
762 3107 881 3162 dimerso
899 3118 924 3160 J
1002 3105 1120 3159 obfulsit

112 3190 153 3234 Vc
222 3179 355 3247 obstupui
373 3201 395 3232 ω
414 3185 524 3248 practer
541 3189 569 3233 Β
640 3185 673 3233 13
696 3196 793 3248 quam:
818 3195 873 3247 quo
893 3189 919 3231 P
991 3183 1023 3230 14
1046 3176 1120 3230 redit

112 3261 147 3317 Vs
217 3267 307 3319 usque
330 3251 386 3305 huc
404 3260 443 3305 Βι
462 3268 512 3306 ora.
527 3253 607 3306 ceteri
678 3257 710 3304 15
730 3250 804 3323 ittcr
821 3259 849 3303 Β
918 3248 1020 3302 venisti
1038 3257 1070 3300 Μ

111 3328 144 3378 17
164 3320 268 3376 effusus
286 3328 312 3377 et
329 3321 451 3377 solutum
469 3323 524 3376 Ba.
586 3326 618 3375 18
637 3322 826 3390 trepidantem
845 3343 863 3374 α
919 3326 951 3374 19
970 3320 1081 3388 priman
1094 3329 1122 3373 Β

111 3400 144 3448 21
164 3394 271 3461 inquan
289 3402 324 3449 Β,
382 3399 417 3446 24
436 3393 585 3447 circonstet
603 3403 631 3447 Ρ
700 3399 733 3446 25
753 3393 952 3462 cognitionem:
972 3391 1122 3444 -nitionem

110 3466 214 3589 praa
229 3473 268 3531 Βς
288 3465 488 3535 cogitationem
508 3477 524 3517 s
613 3463 775 3519 circonfluat
793 3473 821 3517 Ρ
908 3468 941 3517 27
965 3462 1072 3516 fecerat
1090 3474 1123 3515 τι

124 3538 238 3590 ecerant
256 3557 279 3588 ω
