2408 3840
82 140 147 204 358
357 137 549 193 EXCERPTA
568 138 815 195 Moulcuusm.

184 309 374 367 Monacensis
400 310 461 367 631
703 263 862 368 Parisinus
888 307 1016 368 790οΑ

81 433 134 490 ille
157 431 259 490 tacuit.
287 433 408 491 recessit
425 435 511 508 pater
534 437 564 491 et
617 432 796 493 adulescens.
838 427 969 512 s<ene>x
990 432 1099 492 tabulis

82 523 198 579 mutato
213 523 392 579 testamento
406 541 563 580 novercam
616 524 741 580 mutatis
763 541 923 582 novercam
945 522 1100 582 substituit

82 610 154 667 fecit
173 609 318 667 heredem.
352 610 454 668 eadem
477 612 563 669 nocte
617 611 756 670 heredem
773 614 804 670 et
828 611 932 670 eadam
949 616 1037 670 nocte
1055 615 1100 669 tu·

83 700 225 772 strepitus
238 698 444 757 indcmofuit.
468 701 562 757 intra-
591 699 715 759 smultu
738 702 804 758 orto
827 703 859 758 in
883 700 972 759 domo

82 789 127 846 vit
146 788 262 845 familia
275 790 307 844 in
326 787 495 846 cubiculum
514 788 563 846 dc·
1044 794 1047 798 '

82 876 156 934 mini
175 875 347 950 invenitque
372 876 471 953 ipsum
490 878 564 935 occi-
617 877 1098 938 inventusestaenexunovolnere

83 984 148 1023 sum
163 968 193 1023 et
206 983 363 1023 novercam
380 967 465 1023 iuxta
478 966 564 1024 cada·
619 968 745 1042 occisus,
774 985 902 1026 noverca
927 959 1097 1049 (i)u(x)t(a)

82 1054 565 1129 verdomientisimilemcaecum
618 1056 724 1114 similis
748 1055 917 1130 dormienti,
940 1074 1047 1116 caecus
1068 1058 1098 1113 in

82 1144 226 1201 inlimine
234 1142 362 1201 cubiculi
370 1143 417 1201 sui
426 1146 562 1218 stantem,
578 1164 604 1204 rc
617 1145 720 1204 limine
756 1145 886 1205 cubiculi
922 1146 970 1204 sui
1010 1147 1097 1227 stans,

83 1231 216 1309 gladium
252 1233 315 1291 eius
351 1232 405 1289 sub
439 1232 562 1309 pulvino
618 1233 736 1310 gladius
768 1235 849 1293 caeci
883 1229 1097 1312 cruent<atus>

84 1324 279 1379 cruentatum.
316 1323 456 1381 accusant
474 1341 505 1381 se
519 1324 563 1379 in·
617 1323 671 1381 sub
685 1323 809 1398 pulvino
825 1322 927 1399 ipsius.
957 1326 1098 1383 accusant

83 1410 178 1468 vicem
201 1427 303 1468 caecus
327 1412 357 1468 et
379 1429 512 1469 noverca.
617 1430 648 1470 se
662 1413 791 1471 invicem
803 1429 931 1471 noverca
946 1415 1097 1472 etcaecus.

150 1586 298 1664 Arguitur
321 1605 420 1645 coram
442 1588 590 1648 iudicibus
613 1607 667 1665 pro
687 1608 773 1648 caeco
796 1589 875 1665 quod
899 1608 959 1648 non
982 1589 1099 1648 videtur

83 1678 201 1750 patrem
223 1676 363 1735 cecidisse
386 1679 438 1752 qui
460 1676 558 1752 ipsum
580 1680 700 1737 tantum
722 1678 879 1752 dilexerat,
909 1678 993 1753 quod
1016 1698 1046 1738 se
1068 1679 1098 1736 in
1111 1696 1132 1736 rs

84 1764 253 1824 incendium
276 1764 370 1840 dedit,
398 1768 432 1823 ut
456 1785 523 1824 eum
545 1766 687 1843 eriperet,
716 1771 747 1826 et
772 1767 828 1826 hoc
850 1786 911 1825 non
934 1771 1098 1837 contentius,

84 1857 119 1912 ut
142 1854 199 1913 sibi
221 1857 348 1913 matrem
371 1856 401 1914 et
423 1855 504 1931 patri
521 1874 643 1915 uxorem
665 1856 810 1930 redderet,
832 1855 922 1915 rediit
945 1860 978 1915 et
1001 1857 1098 1917 acidos

83 1943 193 2003 amisit.
235 1946 389 2020 praeterea
407 1945 554 2019 quomodo
572 1948 672 2021 posset
694 1948 739 2003 ita
762 1947 847 2004 caute
865 1947 910 2003 ira
928 1945 967 2004 ad
991 1946 1098 2006 lectum

85 2034 189 2108 patris,
213 2032 291 2108 quod
314 2052 374 2091 ncn
393 2033 554 2108 audiretur,
577 2053 645 2092 cum
662 2036 818 2111 proprium
840 2034 880 2094 sit
903 2037 986 2094 caeci
1009 2038 1097 2112 caspi-

85 2125 157 2180 tare.
199 2123 354 2196 praeterea
383 2140 450 2180 cum
472 2125 601 2181 venisset
628 2123 666 2181 ad
690 2124 860 2183 cubiculum
883 2126 991 2199 patris,
1017 2142 1131 2201 opor-u

85 2214 163 2268 teret
187 2229 274 2284 quem
296 2211 365 2286 post
383 2229 450 2268 cum
467 2230 559 2269 manu
577 2215 724 2290 tangeret,
746 2216 782 2271 ut
804 2214 901 2285 sciret,
924 2214 959 2270 ut
983 2216 1097 2288 patrem

85 2300 133 2357 vel
156 2317 314 2358 novercam
340 2302 493 2375 percutere
521 2300 653 2376 deberet,
681 2304 711 2360 et
739 2303 771 2359 in
797 2301 852 2359 illo
880 2303 965 2360 tactu
992 2303 1097 2361 excita·

84 2391 168 2446 retur
191 2390 243 2463 qui
265 2391 362 2448 tactus
385 2388 497 2449 fuisset.
538 2392 692 2466 praeterea
715 2390 862 2464 quomodo
888 2392 1013 2466 poterat
1036 2391 1097 2450 dor·

85 2478 159 2535 mire
183 2496 257 2535 uxor
279 2478 363 2536 iuxta
391 2479 519 2538 occisum
546 2481 576 2537 et
602 2496 662 2537 non
685 2479 744 2536 fuit
769 2474 942 2557 ex<ci>tata
964 2479 1006 2538 ad
1030 2483 1097 2539 stre

85 2567 196 2640 pitum,
227 2585 294 2624 cum
323 2567 440 2624 familia
467 2569 594 2626 excitata
624 2568 716 2626 fuerit
742 2586 817 2642 quae
840 2569 930 2645 longe
959 2568 1097 2628 distabat
1109 2585 1129 2624 ιι

157 2740 189 2788 21
208 2735 304 2788 utrum
320 2737 448 2804 patrem?
477 2738 609 2792 Harcmer

352 2984 447 3054 ipsum
464 2986 575 3039 tantum
594 2984 725 3040 dilexerit
748 2985 779 3038 in
801 2985 948 3041 exactione
966 2986 1097 3042 incendii.

112 3123 114 3127 ι
352 3073 416 3109 cum
435 3055 579 3110 audiretur
596 3056 710 3124 vadens,
729 3057 798 3124 quia
817 3057 967 3126 cespitans.

84 3127 325 3181 caecusnonocci-
353 3145 416 3181 cum
434 3127 604 3181 occidendus
623 3128 794 3182 excitaretur
811 3130 913 3182 tactus

84 3199 127 3251 dit
141 3202 250 3267 patrem
261 3215 324 3252 cum
352 3215 416 3252 cum
433 3216 503 3253 uxor
519 3199 584 3267 plus
603 3198 702 3253 debuit
720 3194 842 3254 excitari
858 3216 945 3268 quam
963 3201 1080 3255 familia.

352 3286 415 3323 cum
429 3272 568 3338 quomodo
583 3271 690 3326 diceret
705 3286 842 3326 novercae
858 3272 893 3326 de
906 3289 1023 3340 veneno,
1038 3289 1096 3325 curn

386 3340 509 3397 nesciret
526 3358 565 3396 au
580 3342 676 3410 vellet,
692 3343 722 3396 et
740 3342 780 3396 sic
798 3342 875 3411 patri
893 3342 1009 3399 dicaret.

919 3524 982 3558 wau.
988 3511 1092 3558 ΚΜΔ
1104 3526 1122 3555 u
