2408 3840
120 139 164 204 26
259 111 264 119 '
458 136 595 192 caucis
613 136 654 191 ns
671 136 799 192 numia

120 313 152 369 et
174 309 309 368 adfectus
331 307 440 367 osculis
466 305 682 382 blanditiisque
706 306 856 383 quaesitos
879 303 960 381 quod
986 305 1137 364 natalium

120 399 338 476 pignorumque
360 393 560 456 reverentias?
605 397 704 456 nullas
727 415 783 474 ego
806 394 924 455 facilius
950 394 1049 470 perire
1072 413 1136 453 cre·

122 487 248 546 dideum
277 506 368 564 quam
394 504 551 562 corporum
583 486 729 545 caritates.
776 487 807 543 et
835 485 906 544 licet
934 483 1136 543 matrimoniis

120 577 270 653 paulatim
291 576 458 634 reverentia
481 575 639 652 gravitatis
664 573 793 649 accedat,
815 576 941 650 possunt
965 574 1067 632 tamen
1090 571 1134 631 di-

120 666 216 725 strahi
238 664 462 739 facilitateque
486 666 599 722 coeunt.
636 682 712 722 uxor
734 666 778 722 est
798 681 889 739 quam
911 663 1019 739 iungit,
1042 681 1135 737 quam
1158 678 1170 721 s

120 755 234 814 diducit
259 753 384 813 utilitas.
431 753 515 812 cuius
541 753 614 812 haee
637 754 701 811 sola
722 751 890 812 reverentia
916 753 963 810 est
986 751 1067 826 quod
1089 752 1134 812 vi·

120 843 207 902 detur
229 843 350 903 inventa
374 860 464 901 causa
486 842 654 901 liberorum
692 841 851 917 aspicimus
873 841 1135 899 matrimoniorum

120 933 238 1010 singula
265 934 416 991 momenta
443 932 586 1006 rixantia,
613 932 732 989 mutant
759 929 867 989 cotidie
894 928 998 989 domos
1025 932 1056 989 et
1080 948 1135 1006 per

120 1022 272 1098 amplexus
294 1021 478 1096 lectulosque
496 1019 673 1080 discurrunt.
710 1021 810 1095 placet
827 1021 920 1078 etiam
936 1020 1006 1094 post
1023 1019 1134 1079 liberos

120 1111 197 1170 alius
219 1110 353 1184 maritus,
377 1111 415 1183 et,
440 1109 518 1167 unde
541 1107 741 1184 deprehendas
765 1109 898 1167 omnium
921 1107 1171 1170 scelerumfa·1o

119 1201 273 1273 cilitatem,
296 1200 422 1274 possunt
444 1217 504 1257 uon
527 1217 627 1256 amare
646 1198 788 1257 viventes.
827 1197 907 1273 quid,
930 1196 956 1257 si
973 1197 1043 1256 huic
1061 1218 1134 1258 uxo-

118 1291 181 1347 riae
203 1289 317 1346 vilitati
333 1287 488 1347 novercata
508 1306 615 1346 nomen
633 1285 802 1364 adiungas?
833 1286 954 1345 mulieri
969 1305 1045 1362 quae
1064 1290 1135 1363 post

119 1377 228 1436 liberos
246 1376 406 1452 inducitur,
424 1376 609 1435 matrimonii
629 1394 688 1435 non
707 1377 855 1454 contingit
872 1378 939 1434 tota
956 1379 1133 1435 reverentia.

82 1467 102 1522 8
188 1464 305 1534 Quanto
342 1466 417 1525 alios
453 1467 588 1542 praestat
624 1465 757 1525 adfectus
789 1465 912 1544 diligere
944 1466 1025 1524 vitae
1056 1465 1133 1526 lucis

119 1553 293 1613 auctorem?
334 1555 421 1613 liberi
444 1573 479 1614 ac
500 1555 634 1632 parentis
657 1574 717 1614 non
740 1554 818 1613 alius
841 1554 915 1612 mihi
937 1552 1058 1613 videtur
1081 1555 1170 1616 adro

118 1644 213 1702 fectus
242 1663 331 1719 quam
359 1663 417 1719 quo
448 1664 547 1703 rerum
577 1647 698 1719 natura,
727 1662 784 1718 quo
812 1644 939 1702 muudus
971 1645 1036 1719 ipse
1064 1661 1134 1703 con⁴

119 1734 241 1792 strictus
261 1735 313 1791 est.
346 1734 541 1808 quisquamne
559 1733 733 1792 mortalium
751 1732 900 1792 confodiet
917 1732 995 1791 illud
1013 1750 1133 1792 sacrum

118 1821 377 1896 venerandumque
406 1840 511 1897 corpus
535 1822 616 1897 quod
637 1824 737 1898 potest
760 1841 795 1880 ex
822 1822 941 1899 ignibus
967 1823 1049 1897 rapi,
1077 1841 1132 1899 pro

120 1930 180 1986 quo
202 1911 276 1969 bene
300 1913 513 1969 consumuntur
531 1909 631 1970 oculi?
655 1931 714 1970 non
733 1911 862 1986 invenio,
885 1911 1007 1990 iudices,
1031 1930 1133 1987 quem·

119 2000 279 2059 admodum
300 1998 396 2074 possit
418 2016 480 2058 esse
504 2002 607 2058 contra
629 2000 737 2059 liberos
760 2001 845 2059 salva
867 2002 1042 2060 reverentia.
1145 2020 1170 2061 ao

185 2089 254 2148 Non
277 2091 322 2147 est
345 2087 474 2164 difficile,
497 2090 533 2146 ut
555 2090 698 2147 maritum
720 2108 795 2148 uxor
815 2089 940 2164 occidat,
963 2090 990 2149 si
1007 2108 1069 2148 nou
1087 2091 1133 2148 est

118 2177 278 2253 difficilius,
302 2179 336 2236 ut
358 2176 437 2236 filius
460 2179 584 2253 patrem.
621 2180 753 2253 nonest,
775 2178 896 2252 iudices,
920 2177 1000 2253 quod
1017 2178 1132 2253 putetis

117 2269 197 2326 inter
215 2267 370 2326 mulierem
389 2270 420 2325 et
437 2268 536 2326 virum
554 2265 590 2325 de
609 2267 718 2326 scelere
738 2268 850 2342 quaeri,
871 2284 968 2342 nequo
987 2266 1134 2343 estquod

118 2375 148 2416 se
172 2375 298 2416 noverca
323 2374 409 2415 sexus
436 2354 589 2415 occasione
612 2358 742 2415 tueatur.
787 2355 883 2415 maior
905 2358 951 2416 est
978 2356 1132 2416 caecitatis

117 2445 283 2504 infirmitas.
329 2447 400 2504 sunt
423 2447 453 2503 et
475 2445 594 2504 feminis
618 2444 656 2503 ad
679 2446 790 2505 scelera
812 2445 903 2521 vires,
928 2464 997 2504 cum
1019 2444 1169 2506 habenta

117 2553 223 2594 causas
245 2535 385 2594 virorum.
432 2534 506 2610 quin
528 2535 632 2611 immo,
661 2535 688 2595 si
709 2536 886 2612 interroges,
913 2534 1035 2594 facilius
1056 2535 1133 2594 haec

116 2626 239 2700 pectora
261 2626 372 2699 metus,
397 2623 512 2698 odium,
536 2624 583 2684 ira
606 2627 806 2700 corrumpunt.
853 2627 883 2682 et
906 2625 1049 2699 quoniam
1071 2643 1133 2684 non

117 2713 228 2772 habent
249 2712 365 2771 roboris
388 2713 521 2789 tantum,
542 2713 620 2771 unde
642 2712 718 2772 vitia
740 2713 886 2771 mentium
908 2713 1045 2787 vincant,
1067 2713 1132 2788 ple-

116 2821 242 2877 rumque
265 2801 380 2860 facinus
398 2801 573 2861 infirmitate
594 2802 736 2860 fecerunt.
773 2820 843 2861 sane
866 2803 968 2860 tamen
987 2801 1050 2861 illis
1069 2819 1133 2862 soe·

117 2890 227 2949 loribus
246 2889 379 2950 sufficere
398 2911 459 2950 non
481 2893 596 2968 possint
619 2909 695 2966 quae
719 2890 891 2965 discursum,
911 2909 988 2965 quae
1006 2891 1134 2968 exigomt
1146 2913 1171 2954 so

117 2979 257 3038 laborem.
294 2979 374 3055 quod
397 3000 468 3040 vero
490 2983 554 3038 tam
571 2979 715 3038 muliebre
738 2981 833 3055 possis
855 2979 990 3038 invenire
1012 2979 1133 3040 facinus

190 3184 339 3240 leffectus
354 3200 369 3252 a
385 3190 462 3258 (corr.
477 3186 507 3255 8)
580 3190 681 3255 tegor
701 3201 767 3255 ergo
790 3194 846 3254 Vn,
863 3202 931 3240 corr.
946 3208 979 3240 u·
1051 3187 1133 3242 edi-

117 3257 207 3312 ducit:
232 3257 334 3311 didicit
356 3267 378 3310 V
452 3256 575 3311 videtur:
599 3256 707 3310 uidices
725 3267 754 3310 Ρ
832 3262 848 3310 9
872 3257 971 3312 etiam:
996 3259 1060 3324 etc

118 3333 150 3381 11
170 3329 236 3382 huic
254 3347 304 3384 om.
320 3339 361 3396 Μ,
385 3327 449 3382 add.
463 3348 496 3380 m
568 3333 601 3381 12
620 3327 737 3382 vilitati:
762 3328 882 3384 utilitati
901 3341 937 3394 cc*
1007 3334 1041 3382 13
1065 3346 1133 3384 oon-

116 3399 215 3470 tingit:
235 3401 355 3470 contigit
367 3409 443 3453 BVP
458 3400 574 3466 fortasse
589 3405 658 3455 recte
712 3405 745 3454 14
764 3399 890 3469 lucisque
909 3412 927 3454 c
981 3407 1015 3455 15
1034 3403 1134 3456 aucto-

108 3540 186 3578 rem:
207 3528 332 3580 actorem
350 3539 368 3590 a
390 3528 468 3598 (corr.
483 3526 509 3596 e)
583 3531 616 3579 17
635 3488 767 3579 coniciet
784 3534 812 3578 B
883 3530 916 3579 29
935 3525 1061 3592 illisu
