2408 3840
79 787 118 843 21

136 153 201 217 130
462 152 636 209 CORPORIS
655 153 823 209 PROIEOTI

133 340 215 396 reus,
238 321 314 381 nihil
335 322 439 397 refert,
467 323 519 380 ubi
541 324 581 382 sit
602 323 654 381 ille
677 323 730 399 qui
752 321 887 396 adiuvat,
912 322 984 398 quia
1006 339 1149 398 praesens.

135 429 206 469 cura
234 410 401 485 exhibetur,
424 411 570 487 quidquid
591 412 649 471 tibi
671 430 726 488 ege
753 411 905 487 praestiti,
934 410 973 470 ad
995 413 1145 471 auctorem

134 501 273 574 muneris,
295 499 327 559 id
346 502 399 575 est,
423 500 461 558 ad
477 501 695 576 redemptorem
711 520 810 560 meum
833 500 1074 560 transferendum
1093 502 1143 559 est

135 608 196 648 nen
214 588 324 664 adsedi,
347 608 407 648 uon
426 589 594 648 consolatus
617 608 693 664 sum,
716 609 776 649 uon
798 589 977 663 ministravi,
1000 607 1063 651 non
1080 589 1144 662 tuli,

134 697 194 736 non
217 678 343 754 denique
366 680 447 738 tetus
470 678 527 736 tibi
549 677 651 737 redivi.
1166 695 1177 736 s

199 766 312 826 Verum
334 767 490 826 fatendum
509 770 562 842 est,
585 767 612 826 si
634 767 780 827 desertam
798 769 829 825 te
851 767 948 843 putas,
970 784 1038 825 mea
1057 765 1144 842 culpa

135 859 187 917 est.
233 856 284 915 sed
306 855 368 915 iam
390 860 507 932 tempus
536 858 581 915 est
607 855 667 916 ista
690 876 765 931 quae
787 875 848 915 non
876 858 1017 917 excusata
1038 854 1144 914 debeat

134 946 238 1019 videri,
260 964 364 1003 verum
386 945 510 1021 pulchra
534 947 625 1020 atque
646 944 813 1022 magnilica,
837 946 937 1004 animo
959 945 1074 1004 maiore
1097 944 1143 1002 de

133 1035 252 1093 fendere
275 1036 314 1108 ct,
337 1053 404 1093 cum
426 1034 569 1093 iudicium
593 1036 701 1111 agatur
723 1035 860 1110 exempli,
882 1032 1004 1093 tandem
1023 1051 1144 1093 calisam

134 1142 218 1183 suam
235 1123 415 1200 intellegere.
452 1124 508 1182 hec
526 1124 633 1182 saltem
651 1122 781 1198 habebis,
803 1122 968 1182 miserrime
985 1121 1041 1195 fili,
1064 1121 1141 1199 quod
1154 1139 1177 1180 rc

133 1213 287 1271 honoratis
310 1211 479 1289 contingere
502 1211 656 1270 funeribus
680 1213 765 1286 solet,
787 1211 943 1271 defunctus
966 1211 1142 1271 laudaberis.

134 1303 233 1360 omnia
264 1301 334 1360 licet
365 1302 423 1360 huc
453 1319 622 1361 revocemus
654 1303 829 1376 praeterita,
865 1303 895 1360 et
927 1300 965 1360 ad
998 1300 1143 1360 canendas

133 1391 221 1449 unius
248 1389 351 1449 laudes
377 1389 584 1449 universorum
606 1394 710 1449 vatum
737 1391 973 1466 scriptorumque
1001 1408 1055 1449 era
1078 1406 1142 1448 con·

133 1479 276 1553 sentiant,
299 1479 399 1538 vincet
425 1482 525 1538 tamen
548 1498 595 1538 res
622 1481 682 1538 ista
711 1479 794 1538 mille
821 1479 951 1556 liuguae,
980 1477 1142 1554 ipsamque,

133 1570 158 1627 si
186 1570 226 1629 sit
252 1569 355 1644 aliqua
382 1586 503 1643 corpore
531 1587 604 1642 une,
631 1568 801 1628 facundiam
828 1566 954 1627 materia
981 1566 1143 1643 superabit,
1154 1581 1176 1623 rs

132 1659 250 1716 etiamsi
272 1657 348 1715 nihil
370 1657 480 1731 dixere,
503 1658 562 1716 nisi
580 1658 659 1733 qued
682 1656 829 1716 obiectum
847 1658 899 1715 est
936 1656 1035 1715 lucem
1057 1655 1141 1715 liber

131 1749 283 1822 tatemque
301 1745 382 1822 patri
399 1745 479 1805 filius
496 1745 634 1820 reddidit,
659 1749 697 1820 et,
717 1745 796 1821 qued
814 1747 883 1803 ante
900 1743 1074 1804 inauditum
1091 1746 1142 1818 est,

120 1836 227 1911 magis
251 1854 298 1892 me
327 1836 440 1894 amavit
462 1855 553 1911 quam
575 1835 689 1894 vellem.
734 1837 885 1911 ingressus
908 1836 953 1893 est
974 1835 1086 1910 maria,
1113 1834 1141 1892 iu

132 1923 239 1998 quibus
261 1925 322 1982 iam
349 1923 505 1982 minimum
527 1925 652 1999 periculi
677 1924 838 2000 tempestas
861 1922 964 1996 habet,
993 1925 1037 1996 et,
1066 1921 1142 2000 quod

131 2013 210 2071 inter
232 2013 291 2072 ista
310 2011 519 2071 difficillimum
542 2015 594 2086 est,
617 2031 716 2091 amere
739 2013 798 2072 mei
816 2012 889 2071 vicit
906 2011 1000 2070 etiam
1016 2016 1141 2073 matram
1152 2027 1176 2067 ss

132 2120 225 2160 suam.
262 2104 337 2175 tace,
360 2103 475 2160 nefaria
497 2101 614 2178 lingua:
637 2121 707 2178 erge
729 2105 764 2160 tu
786 2102 845 2161 ista
867 2097 992 2160 laudas?
1033 2101 1142 2161 obtulit

132 2209 162 2250 se
181 2193 359 2266 captivitati,
378 2192 449 2267 quia
468 2190 579 2249 sciebat
597 2209 686 2268 grave
705 2209 768 2250 esse
787 2191 918 2267 alligari:
940 2190 1029 2249 malis
1049 2192 1141 2268 patris

131 2281 279 2339 suecessit.
325 2280 405 2339 subit
438 2279 533 2339 libens
571 2298 697 2355 poenam
729 2279 825 2356 pietas
857 2280 948 2337 etiam
984 2279 1141 2339 sceleribus

131 2388 260 2446 gravem.
297 2371 333 2428 tu
355 2370 469 2442 melius,
493 2387 575 2442 uxor,
598 2387 674 2444 quae
697 2369 846 2427 facturum
869 2366 1026 2427 retinebas.
1067 2388 1140 2429 com-

130 2461 234 2534 parete
262 2476 352 2531 nunc,
380 2458 406 2516 si
429 2459 495 2534 quis
522 2460 639 2532 patrem
664 2476 718 2532 per
745 2458 844 2516 hostes
871 2457 952 2516 solus
978 2457 1065 2532 tulit,
1092 2458 1140 2534 qui
1150 2469 1174 2512 aa

131 2565 198 2605 cum
225 2546 375 2606 venientia
400 2546 572 2622 inpetrem
594 2546 656 2605 tela
682 2547 856 2621 excepisset,
886 2544 1016 2621 simplici
1043 2549 1142 2607 mursa

130 2638 225 2695 morte
248 2635 403 2694 defunctus
422 2637 475 2694 est.
511 2655 603 2693 unum
625 2635 751 2712 legimus
769 2635 821 2710 qui
839 2636 966 2694 vicarias
983 2653 1040 2711 pro
1059 2639 1141 2712 patra

131 2743 189 2783 nen
217 2725 336 2800 quidem
367 2725 474 2799 piratis
503 2728 555 2783 aut
581 2725 657 2781 mari
688 2741 793 2782 manus
821 2723 977 2797 obtulerit,
1008 2723 1062 2784 sed
1093 2724 1142 2784 ubi

202 2969 217 3016 2
238 2964 324 3033 οιιτεξ
341 2973 373 3016 ll!
451 2970 514 3018 cate
533 2964 570 3017 ad
589 2963 653 3017 aad.
672 2963 730 3018 filie
748 2973 787 3030 ⁸3
810 2963 862 3016 filii
884 2972 906 3015 V
982 2963 1020 3016 ad
1039 2981 1090 3020 om.
1110 2974 1141 3032 P,

129 3051 204 3103 supr.
223 3056 244 3095 p
317 3040 333 3087 4
355 3051 412 3089 nen
429 3035 495 3088 tuli:
515 3053 582 3088 uum
600 3034 701 3088 tulius
769 3040 785 3087 5
807 3033 947 3101 redibis,
965 3034 984 3088 b
1005 3036 1090 3090 aem

132 3105 222 3159 vista
241 3123 291 3160 om.
306 3115 348 3173 Μ,
366 3123 442 3177 supr.
456 3128 488 3159 m
560 3108 692 3159 accusata
711 3116 743 3159 Μ
813 3112 846 3160 10
870 3106 1140 3179 hoc—centingere

129 3193 180 3232 aar.
195 3186 228 3243 B,
248 3178 279 3230 ia
292 3194 377 3247 mare.
396 3179 535 3246 seperiora
553 3176 650 3230 adda
718 3176 813 3231 saltim
835 3187 857 3230 V
924 3182 956 3230 11
977 3176 1141 3232 defunctum

129 3246 288 3302 laudaveris
308 3257 330 3300 V
390 3254 422 3302 15
441 3247 583 3317 superavit
605 3258 626 3301 V
681 3254 713 3302 17
732 3249 820 3318 patri:
839 3248 850 3301 i
868 3250 899 3303 ia
916 3265 971 3304 ras.
992 3250 1022 3318 (2
1034 3249 1099 3319 ua.)
1112 3256 1144 3302 Ι

130 3324 164 3373 18
183 3335 280 3387 quam:
304 3319 353 3387 qd'
374 3329 401 3372 P
490 3325 522 3372 19
540 3319 698 3374 minimum:
722 3319 767 3373 vel
784 3320 902 3373 nimium
919 3318 964 3373 vel
984 3319 1140 3386 minimum

128 3386 278 3459 utrumque
297 3392 340 3443 est
357 3390 462 3445 bonum
479 3412 511 3443 m
529 3391 560 3444 ia
573 3409 659 3461 marp.
731 3390 886 3460 periculum
904 3400 932 3443 Ρ
1002 3396 1037 3446 20
1055 3407 1101 3446 me
1115 3399 1143 3445 Ι

130 3467 162 3513 21
187 3478 247 3586 metr}
265 3461 365 3515 laudas
385 3472 417 3516 J!
433 3462 473 3533 (in
496 3460 560 3515 aliis
582 3479 638 3517 non
657 3461 777 3517 habetur
794 3478 850 3516 non
867 3483 900 3514 na
922 3462 954 3516 ias
971 3465 1072 3535 may.)

128 3537 163 3585 26
178 3549 220 3602 pa
248 3541 333 3586 eBV
