2408 3840
350 140 584 196 bucciniano
603 141 779 200 vnis-11.
1008 142 1071 207 155
1106 194 1109 202 .
1147 115 1151 121 ⁴

57 313 123 369 tam
144 310 235 388 longa
262 328 353 384 qnam
380 311 444 368 vita
471 311 518 368 sit.
565 310 642 369 unde
668 313 783 386 putatis
810 313 947 370 inventos
969 311 1071 371 tardos

59 400 196 458 funenm
225 401 400 474 apparatus,
427 398 505 459 unde
529 399 608 474 quod
631 402 769 476 exequias
796 400 965 476 planctibus
992 401 1070 460 clan-

57 507 129 566 gore
156 505 325 565 magnoque
353 505 467 563 semper
493 490 694 564 inquietamus
721 489 853 564 ululatu,
879 507 969 565 quam
993 489 1072 565 quod

56 578 174 637 facinus
197 576 348 636 videretur
371 577 487 636 credere
510 578 573 635 tam
601 578 689 644 facile
711 578 759 637 vel
786 576 897 636 morti?
942 579 1071 638 vidimus

30 668 152 744 sigitur
174 666 346 741 frequenter
369 665 524 725 advitam
545 669 616 742 post
638 667 823 726 conclamata
846 686 984 743 suprema
1006 667 1071 726 red·

56 757 169 815 euntes.
206 755 340 830 plerique
359 755 573 815 convaluerunt
590 756 796 833 neglegentiae
819 756 905 830 bono,
929 757 1072 831 quosdam

56 844 202 920 explicuit
225 844 366 920 quicquid
394 844 469 904 alios
496 844 632 904 fortassis
655 845 814 919 occideret,
839 846 893 905 hos
915 845 1071 922 indulgen-

56 935 118 992 tiae
141 934 307 1008 temeritas,
334 932 403 991 illos
426 931 543 992 adiuvit
565 933 779 1009 desperationis
806 934 938 993 audacia.
985 933 1072 992 detur
1086 935 1123 991 ll

56 1022 194 1097 fortassis
216 1023 285 1081 huic
308 1022 367 1080 arti
389 1023 555 1098 perspicere
577 1023 709 1097 morbos,
737 1023 897 1099 profutura
919 1022 1072 1082 meditari:

18 1133 43 1173 ro
56 1111 109 1170 sed
132 1111 210 1170 unde
229 1111 318 1170 sciret
336 1113 482 1186 quantum
503 1111 582 1170 inter
599 1113 713 1171 viscera
736 1112 922 1188 latentesque
942 1113 1071 1188 pectoris

57 1201 139 1259 sinus
163 1200 322 1275 unicuique
345 1201 463 1259 animae
485 1203 593 1259 natura
617 1202 801 1276 concesserit,
826 1221 916 1277 quam
938 1201 1071 1277 proprie·

55 1291 152 1348 tatem
180 1290 315 1364 spiritus,
340 1307 430 1363 quam
453 1307 558 1365 corpus
587 1289 756 1365 acceperit?
801 1308 861 1350 non
883 1293 947 1349 tam
970 1292 1071 1349 variae

56 1378 234 1436 mortalibus
257 1378 378 1448 formae,
401 1379 509 1436 necin
527 1379 659 1438 vultibus
681 1380 790 1439 nostris
814 1379 896 1439 sedet
918 1381 1005 1438 tanta
1028 1378 1070 1436 di·

56 1467 184 1527 versitas
209 1469 322 1542 quanta
343 1467 420 1526 latet
442 1468 474 1524 in
496 1468 569 1542 ipsis
593 1467 805 1527 dissimilitudo
828 1468 979 1528 vitalibus.
1026 1469 1071 1525 in-

17 1577 42 1618 11
56 1555 237 1634 enarrabile,
260 1555 527 1631 indeprehensibile
550 1558 595 1616 est
618 1557 759 1632 quioquid
782 1576 835 1617 nos
858 1557 1072 1616 elementorum

55 1646 143 1704 varia
171 1663 314 1723 compago
341 1645 490 1704 formavit.
537 1648 567 1704 ot
589 1649 680 1721 prout
701 1649 734 1705 in
756 1665 809 1705 nos
838 1647 926 1722 plura
949 1664 1001 1705 seu
1024 1665 1070 1704 ra·

55 1734 138 1794 riora
156 1733 192 1793 de
210 1736 335 1793 terrenis
359 1734 519 1793 seminibus
539 1734 772 1810 caelestibusque
796 1737 938 1810 coierunt,
961 1737 1005 1793 ita
1023 1736 1071 1794 vel

55 1823 200 1882 duremur
231 1824 325 1882 tacita
355 1823 471 1882 ratione
503 1824 551 1883 vel
581 1825 730 1883 solvimur.
777 1843 816 1882 an
846 1824 1070 1900 desperantibus

55 1911 137 1972 credi
153 1911 295 1986 debuerit,
313 1930 366 1972 vos
386 1913 589 1972 aestimabitis.
627 1912 679 1988 qui
696 1916 844 1991 negarunt
862 1931 966 1991 aegros
984 1931 1070 1989 posse

12 2023 42 2063 ao
55 2000 172 2075 sanari,
203 2021 257 2061 nec
283 2004 315 2059 in
342 2002 398 2060 hoc
427 2001 629 2077 probaverunt
657 2002 708 2077 qui
735 2005 843 2077 evasit,
872 2021 927 2061 nec
956 2003 987 2060 in
1017 2002 1069 2062 illo

55 2110 146 2168 quem
183 2109 241 2148 nou
277 2091 403 2168 languor
435 2091 550 2149 occidit.
599 2091 695 2150 iustas
731 2092 912 2150 mehercules
947 2091 1071 2150 haberet

55 2179 165 2239 mulier
194 2197 296 2238 causas
325 2180 524 2255 querelarum,
556 2182 582 2238 si
608 2199 687 2239 nova
715 2181 926 2258 incognitaque
953 2180 1070 2239 ratione

55 2268 105 2327 vel
127 2270 288 2344 utrumque
306 2286 460 2327 servasses.
497 2288 650 2343 nunquam
673 2288 708 2326 ex
730 2287 838 2345 magno
857 2269 941 2327 venit
963 2269 1070 2327 affectu

54 2356 244 2416 incredibilia
266 2358 314 2416 vel
341 2358 499 2433 profutura
526 2358 702 2434 temptasse,
729 2358 813 2416 etin
840 2377 872 2415 re
899 2376 974 2432 quae
1002 2358 1070 2434 plus

11 2468 40 2509 rs
54 2446 93 2505 de
116 2447 229 2506 incerto
252 2446 356 2520 habet,
380 2448 533 2505 temeritas
557 2448 749 2521 experimenti
773 2447 868 2506 solam
889 2445 998 2522 probat
1021 2446 1070 2505 de·

54 2534 235 2611 sperationis
268 2535 432 2594 audaciam.
479 2535 550 2610 quid
581 2537 673 2595 refert
705 2536 789 2594 cuius
821 2536 861 2594 sit
890 2535 1069 2595 condicionis

55 2641 156 2701 aeger,
183 2627 327 2700 quantum
355 2624 451 2683 adhuc
474 2624 550 2700 spei,
574 2627 719 2701 quantum
741 2625 879 2684 videatur
902 2624 1010 2683 habere
1034 2625 1070 2683 de

55 2710 143 2772 vita?
187 2714 368 2773 sacrosancti
390 2714 452 2772 sint
478 2716 635 2790 parentum
662 2717 767 2773 metus.
813 2714 856 2772 dii
878 2733 937 2772 non
961 2713 1069 2788 sinant,

131 2917 274 2988 llongua
292 2920 319 2988 (o
337 2920 369 2972 ie
386 2921 452 2989 ras.)
469 2928 502 2972 Μ
575 2918 759 2973 aleonoram
782 2928 803 2971 V
876 2918 1006 2988 clangore
1025 2932 1069 2983 cy:

54 3025 195 3095 plangore
213 3037 262 3092 am
286 3025 435 3094 ploratus
506 3032 522 3079 5
545 3025 688 3080 redeuntis
707 3036 735 3079 Β
805 3031 820 3079 ‘1
840 3007 964 3080 elideret
981 3034 1002 3076 v

56 3097 179 3152 sdatur
197 3108 233 3160 ac
302 3103 334 3150 11
355 3099 529 3151 concesserat
551 3106 572 3149 v
641 3103 673 3150 13
693 3097 807 3152 nostris:
826 3098 883 3151 ntis
905 3106 927 3149 v
977 3096 1068 3151 sedet:

54 3168 108 3223 aed
126 3178 152 3221 1
208 3174 241 3221 14
259 3166 391 3221 vitalibus
410 3168 511 3222 nostris
531 3168 689 3222 enarrabile
707 3179 741 3236 Β,
761 3169 863 3222 nostris
878 3169 927 3222 dcl.
948 3168 1020 3221 etin
1038 3169 1070 3221 ic

54 3292 143 3346 my.
162 3274 259 3328 ecca
346 3279 378 3327 15
401 3239 653 3344 indeprehensis
676 3285 697 3328 v
782 3275 812 3328 re
836 3291 887 3328 nee
913 3274 1070 3328 actaeae

55 3383 136 3437 Deos.
193 3385 225 3435 17
245 3396 299 3450 qne
313 3397 363 3436 om.
374 3391 402 3434 B
450 3387 483 3435 23
503 3385 639 3436 servasset
656 3391 686 3448 νς
705 3364 842 3436 servasses
861 3383 928 3450 1²(s
948 3396 1024 3448 supr.
1037 3382 1069 3450 ρ)

55 3459 92 3507 24
110 3453 141 3506 in
158 3467 189 3506 re
207 3453 239 3506 in
257 3453 359 3507 lucusta
376 3456 393 3506 4
411 3452 452 3507 ccl
470 3456 488 3507 5
506 3455 557 3507 litt.
577 3470 626 3508 om.
643 3462 670 3505 Ρ
740 3459 773 3506 25
798 3453 904 3507 incerto
923 3462 956 3518 Ρ,
980 3450 1030 3505 dcl.
1048 3474 1070 3514 ρ

54 3529 83 3578 et
99 3540 175 3593 supr.
194 3523 294 3617 mento
367 3523 530 3578 dividetur
551 3533 572 3575 V
641 3529 676 3580 28
695 3523 795 3580 sinunt
812 3542 847 3582 cc
864 3524 964 3580 imant
983 3533 1009 3577 n
