2408 3840
454 166 688 245 DECLAMATIO
706 167 765 221 XII.
1049 166 1121 230 377'

96 337 220 396 nostros
243 336 399 409 efferimus,
423 338 536 395 viscera
560 337 725 412 sepelimus.
771 354 842 394 nam
865 337 964 394 cetera
986 356 1062 412 quae
1084 338 1118 394 in

97 425 319 484 nutrimentum
338 443 479 484 conversa
498 427 576 499 sunt,
598 425 753 484 nobiscum
773 426 963 500 sepelientur.
1010 429 1042 484 at
1059 427 1118 485 iste

98 515 225 574 interim
248 517 324 588 stat,
347 516 381 573 ut
403 515 525 589 videtis,
554 508 697 593 long[u]a
719 514 769 572 via
795 515 949 592 saginatus
972 517 1003 573 et
1025 519 1120 575 satur,

99 621 183 662 nunc
205 603 291 662 nobis
314 604 498 662 frumentum
517 604 620 662 attulit
643 604 696 679 qui
713 605 802 679 pauci
824 622 934 678 sumus,
958 604 1118 664 sceleribus

71 694 194 770 spasti,
218 692 323 752 alienis
342 692 488 751 mortibus
506 693 590 752 salvi.
627 686 699 771 hi[i]
719 694 789 751 sunt
811 692 923 751 residui
941 694 993 769 qui
1011 694 1120 753 vivunt

100 782 163 858 ipsi
186 781 244 840 sibi
262 782 315 855 rei,
338 800 457 858 graves3
480 801 571 859 aegra
589 784 619 841 et
636 781 741 840 tebida
760 782 893 841 membra
910 783 942 838 in
964 782 1119 858 publicum

99 871 300 948 protulerunt.
352 865 454 950 hae[c]
483 875 553 930 sunt
580 873 712 930 civitatis
735 871 879 946 reliquiae
904 889 978 946 quas
1001 871 1119 930 videtis.

101 961 146 1019 sic
169 958 329 1034 tabuimus,
352 961 387 1018 ut
408 960 510 1019 miseri
532 978 584 1019 nec
607 961 692 1019 vivos
715 960 876 1018 habeamus
899 979 953 1018 nee
975 961 1120 1019 mortuos.

100 1049 233 1107 mustum
260 1050 463 1126 negotiatione
492 1051 546 1106 tua
576 1051 676 1110 actum
706 1051 758 1108 est.
804 1050 987 1108 frumentum
1015 1048 1119 1122 hebeo,

60 1160 87 1201 ro
100 1137 249 1214 populum
266 1156 326 1196 non
344 1137 447 1196 habeo.
488 1157 635 1215 nusquam
653 1138 783 1214 prodest,
801 1156 948 1212 nusquam
967 1156 1041 1213 opus
1065 1140 1119 1198 est.

101 1228 166 1284 iam
188 1227 259 1285 licet
286 1226 404 1286 vendas.
450 1226 521 1284 dum
548 1229 597 1300 tu,
628 1228 734 1286 salutis
763 1226 901 1303 publicae
928 1227 1120 1301 nundinator,

102 1317 273 1392 proximum
301 1334 446 1391 quemque
475 1318 638 1392 emptorem
666 1315 806 1390 dimittis,
836 1315 907 1374 dum
935 1318 988 1373 aut
1014 1317 1122 1375 funera

103 1406 208 1463 nostra
231 1405 334 1464 vendis
353 1407 406 1463 aut
429 1404 547 1480 scelera,
571 1405 642 1463 dum
661 1405 773 1480 populo
795 1408 848 1463 tuo
872 1405 950 1463 fame
973 1405 1120 1464 moriente

103 1493 220 1552 alienae
244 1495 361 1552 civitati
383 1493 500 1571 legetus
524 1512 554 1552 es
572 1494 683 1568 factus,
706 1511 759 1553 nos
778 1493 899 1553 interim
921 1494 1066 1552 morimur
1089 1496 1122 1553 et

60 1582 233 1646 univimus
268 1583 412 1641 scelerati.
464 1584 527 1642 iam
555 1602 614 1642 non
644 1583 705 1640 fuit
743 1602 795 1642 cur
828 1584 996 1658 festinaret,
1028 1582 1123 1642 etiam

103 1689 184 1730 nunc
211 1675 381 1746 exspectare
408 1675 587 1747 poteramus.
633 1671 697 1731 sola
727 1674 772 1730 est
802 1673 881 1730 enim
909 1672 1014 1732 civitas
1043 1691 1119 1747 quse

104 1761 184 1818 fame
203 1763 300 1835 perire
323 1780 383 1820 non
405 1763 509 1837 possit.
553 1763 648 1839 igitur
666 1779 720 1838 ego
743 1763 835 1819 miser
852 1760 1013 1820 advocatus
1033 1763 1121 1821 mise-

101 1868 206 1908 rorum
224 1849 302 1908 fame
322 1852 352 1908 et
369 1850 469 1909 inedia
486 1852 672 1908 mortuorum
690 1852 720 1909 et
738 1844 955 1929 miser[i]orum
978 1850 1119 1925 qualiter-

105 1957 231 2013 cumque
260 1941 426 1997 viventium
458 1939 616 1998 sceleribus
645 1943 812 2014 pastorum,
841 1939 996 2014 publicum
1025 1940 1121 1999 scelus

61 2049 90 2090 so
105 2025 145 2084 ab
175 2028 233 2085 isto
262 2029 382 2103 requiro
412 2030 442 2086 et
471 2047 525 2103 pro
556 2027 693 2087 omnibus
723 2031 878 2087 nocentem
909 2030 955 2086 rei
983 2028 1121 2104 publicae

106 2133 221 2176 accuso.

173 2204 311 2280 Respice,
341 2207 452 2283 legate,
488 2206 585 2280 qualis
621 2207 661 2264 sit
690 2205 808 2265 residua
843 2207 941 2264 contio
977 2207 1120 2281 civitatis,

107 2312 214 2352 cavum
236 2294 331 2353 macie
353 2297 444 2369 ceput
471 2297 501 2352 et
528 2294 662 2353 conditos
685 2297 804 2371 penitus
835 2295 936 2353 oculos
964 2297 994 2353 et
1020 2296 1121 2353 laxam

107 2385 219 2458 cutem,
246 2383 339 2443 nudos
362 2383 454 2442 labris
481 2383 676 2442 trementibus
704 2383 806 2442 dentes
833 2386 979 2461 rigentem
1001 2385 1122 2442 uultum

64 2492 92 2534 se
107 2475 138 2530 et
161 2472 319 2531 destitutas
338 2490 429 2550 genas
448 2475 478 2531 et
501 2472 603 2531 inanes
623 2474 755 2531 faucium
774 2475 863 2531 sinus.
909 2491 1003 2548 prona
1022 2474 1122 2531 cervix

106 2564 225 2639 tergum
258 2560 371 2621 ossibus
405 2562 571 2636 inaequale.
625 2562 749 2620 infernis
782 2560 965 2638 imaginibus
1000 2562 1121 2636 similes,

106 2650 300 2710 cadaveribus
327 2653 441 2725 pastos,
474 2651 591 2710 sceleris
624 2651 773 2709 commissi
795 2652 976 2710 conscientia
1006 2669 1120 2728 greum.

106 2737 155 2798 dic
177 2757 264 2812 nunc,
286 2738 394 2817 legate,
416 2742 557 2799 innocens
580 2759 654 2814 sum,
677 2740 749 2816 quia
772 2740 810 2798 ad
831 2740 919 2798 illum
941 2738 1021 2798 diem
1043 2742 1121 2798 veni

107 2830 140 2887 at
163 2846 217 2905 ego
240 2831 363 2904 propter
385 2831 416 2887 te
438 2847 547 2888 nocens
570 2847 648 2902 sum,
677 2828 756 2904 quod
779 2829 817 2887 ad
840 2829 926 2887 illum
949 2828 1028 2887 diem
1050 2831 1121 2888 vixi

65 2938 92 2979 so
107 2936 184 2992 quae
207 2921 380 2993 comparata
398 2916 482 2977 nobis
501 2918 582 2977 mala
603 2937 664 2976 non
683 2917 826 2977 delicatas
844 2917 983 2977 lacrimas
1001 2918 1121 2977 hebent.

107 3006 239 3081 aliquem
268 3007 413 3082 populum
442 3008 560 3066 hostilis
589 3008 733 3067 exercitus
764 3007 892 3082 obsedit3
922 3007 998 3065 solet
1020 3007 1122 3066 venire

105 3095 217 3154 ultima
239 3095 364 3155 obsessis
386 3096 497 3171 inopia.
544 3095 662 3171 capitiu·
690 3097 804 3156 civitas.
850 3097 946 3155 victor
969 3096 1122 3172 captivum

106 3187 161 3242 aut
184 3184 297 3243 cecidet
321 3188 374 3243 aut
392 3188 502 3260 pascet.
547 3187 697 3244 tormenta
716 3185 838 3260 quidam
856 3184 1022 3260 piratarum
1045 3185 1127 3243 tulo-¹

106 3275 191 3347 runt,
221 3273 272 3333 sed
294 3293 374 3334 mors
396 3274 464 3334 finis
488 3277 609 3334 estnec
636 3276 763 3334 saevitia
785 3276 866 3333 ultra
891 3275 956 3332 fata
978 3273 1122 3350 procedit.

65 3365 161 3424 aeaut
184 3363 211 3422 si
233 3364 299 3438 quis
323 3363 396 3422 adeo
419 3365 570 3423 hominem
593 3368 692 3440 exuat,
713 3366 750 3423 ut
769 3363 819 3422 ibi
837 3381 975 3441 poenam
993 3366 1142 3434 quassam,

160 3550 178 3596 6
197 3546 260 3614 qui:
281 3551 360 3618 quod
378 3561 416 3607 M
490 3563 528 3615 35
547 3559 610 3618 ibi:
628 3559 694 3618 tibi
714 3568 748 3616 Μ
