2408 3840
370 147 604 203 censuario
623 148 675 202 im
689 153 766 202 r-o.
1009 128 1075 213 225
1099 140 1100 145 '

58 317 185 391 abierat,
208 318 239 376 et
260 316 443 375 firmentum
465 318 575 377 totiens
598 316 656 377 sibi
678 318 790 377 frustra
812 320 991 395 promissum
1013 320 1075 378 ani·

57 423 126 465 mus
148 406 211 465 iam
233 425 270 464 ne
293 425 399 482 cupere
423 406 543 482 quidem
567 406 707 481 audebat,
731 408 823 466 subiit
844 408 928 467 furor
950 411 981 467 et
1004 408 1075 466 alie-

57 496 144 554 natio
167 494 285 570 mentis,
308 497 339 553 et
360 497 426 554 tota
448 496 496 554 sui
515 495 631 554 arbitrii
653 495 747 555 fames
770 497 851 555 facta
870 498 921 556 est.
960 497 1075 557 animus

58 585 149 642 malis
172 582 351 662 deriguerat,
374 602 406 643 os
429 584 558 642 insolitis
582 584 655 644 cibis
679 585 826 661 stupebat,
848 586 920 645 feris
942 586 1076 645 invidere

31 674 220 748 accepimus.
265 672 362 748 primo
384 676 485 732 tamen
507 673 613 732 furtim
636 678 666 732 et
688 674 768 733 intra
791 693 859 734 suas
883 676 1010 751 quisquc
1032 676 1076 734 la·

59 762 161 820 tebras
185 761 306 821 admisit
327 761 383 820 hoc
407 764 581 836 monstrum,
604 764 643 836 et,
665 764 691 822 si
713 763 804 839 paulo
828 762 915 824 citius
938 765 1076 838 venisses,

59 851 210 928 potuisset
230 849 287 909 hoc
309 853 420 928 negari.
457 853 484 910 si
507 853 559 926 qui
582 870 617 910 ex
640 854 739 929 strage
758 871 915 930 corporum
933 852 1076 926 defuerat,

61 939 214 1016 sepultum
236 939 427 1016 putabamus,
454 959 508 999 nec
530 943 632 999 tamon
655 942 801 1001 indicavit
824 941 995 1019 quisquam,
1023 960 1077 1000 nec

61 1027 257 1104 deprehendit
271 1029 388 1104 aliquis.
424 1047 510 1088 nemo
529 1031 564 1087 ut
581 1029 636 1089 hoc
654 1031 766 1090 faceret
789 1032 922 1108 exemplo
940 1031 1076 1106 inpulsus

22 1120 120 1192 mest,
148 1135 180 1177 se
208 1119 333 1194 quisque
360 1118 475 1193 docuit,
503 1137 603 1201 omnes
627 1121 700 1178 scire
726 1122 889 1196 coepimus,
917 1124 1077 1196 postquam

62 1226 163 1266 omnes
191 1206 322 1266 fecimus.
369 1209 505 1284 quotiens
528 1210 642 1284 tamen,
667 1212 827 1286 antequam
848 1209 1023 1286 inciperem,
1045 1211 1077 1267 in

61 1298 184 1372 portum
203 1294 339 1356 cucurri?
358 1296 500 1372 quamdiu
517 1299 550 1356 in
568 1299 663 1356 altum
680 1301 822 1373 intentus
841 1298 961 1374 siquae
980 1299 1077 1358 essent

61 1387 93 1442 in
117 1388 278 1460 conspectu
299 1404 399 1461 naves,
423 1387 524 1445 oculos
546 1385 696 1464 fatigavi?
740 1386 805 1463 tibi,
829 1388 936 1465 legate,
959 1391 1077 1462 tempus

61 1473 181 1534 differre
203 1474 291 1533 facile
310 1476 426 1551 estqui
445 1479 530 1534 tuam
552 1477 670 1534 tantum
693 1479 811 1552 paitem
828 1496 888 1535 non
906 1476 1075 1535 vendidisti.

25 1585 49 1628 u
60 1566 96 1622 tu
114 1582 204 1639 quem
225 1563 336 1622 habeas
355 1563 433 1622 diem
451 1563 570 1639 videris,
594 1583 648 1642 ego
667 1564 827 1640 septimum
845 1568 999 1641 expectare
1017 1585 1078 1624 nou

60 1671 193 1728 possum.

128 1741 211 1818 Ergo
225 1741 323 1800 rabidi
336 1760 426 1818 supra
440 1742 586 1802 cadavera
603 1744 790 1802 incubuimus
805 1746 836 1802 et
850 1744 957 1802 clausis
973 1743 1076 1819 oculis,
1094 1744 1113 1799 9

62 1830 149 1906 quasi
164 1830 244 1890 visus
263 1832 442 1891 conscientia
461 1831 594 1891 acerbior
608 1835 692 1908 esset,
705 1835 771 1892 tota
790 1851 913 1909 corpora
931 1832 1077 1893 morsibus

62 1920 306 1995 consumpsimus.
352 1920 433 1980 subit
454 1920 575 1980 interim
601 1920 705 1980 horror
728 1941 762 1980 cx
789 1923 869 1981 facto
893 1924 923 1980 et
945 1921 1078 1980 taedium

24 2027 98 2071 isac
126 2008 285 2068 detestatio
313 2009 359 2068 sui
387 2011 417 2068 et
443 2010 589 2085 planctus.
635 2011 687 2070 sed
709 2029 777 2070 cum
805 2011 842 2070 ab
870 2010 1009 2070 infaustis
1032 2011 1077 2068 fu-

62 2098 163 2175 gimus
186 2097 268 2173 cibis,
290 2099 352 2157 urit
373 2099 483 2157 iterum
505 2098 608 2173 fames,
631 2102 661 2158 ot
684 2100 763 2176 quod
781 2099 869 2159 modo
889 2119 923 2157 ex
942 2117 992 2157 ore
1010 2117 1078 2174 pro-

61 2186 196 2261 iecimus,
220 2186 419 2265 colligendum
442 2189 494 2247 est.
540 2206 618 2246 nunc
640 2189 715 2246 mihi
740 2189 794 2247 illa
819 2188 907 2246 foeda
930 2186 1078 2261 videntur,

61 2294 142 2334 nunc
166 2274 376 2351 abominanda,
399 2277 490 2335 laceri
513 2279 597 2337 artus
621 2280 650 2336 st
672 2276 786 2336 nudata
811 2295 877 2337 ossa
901 2279 931 2336 et
954 2275 1078 2351 abrepta

61 2366 131 2424 cute
150 2363 231 2423 intus
250 2382 356 2423 cavum
373 2368 484 2440 pectus.
521 2385 600 2426 nunc
619 2368 777 2426 occurrunt
795 2366 887 2425 effusa
904 2365 1078 2441 praecordia

23 2474 48 2517 ss
61 2455 95 2512 ct
112 2452 223 2511 lividae
238 2472 339 2513 carnes
355 2457 385 2512 et
404 2472 572 2530 expressum
591 2455 729 2525 dentibus
746 2455 852 2514 tabum
869 2457 900 2513 at
918 2455 1078 2514 exhaustae

63 2542 180 2602 ossibus
207 2541 362 2602 medullae.
410 2545 587 2620 quantulum
615 2544 694 2602 enim
716 2546 847 2621 corporis
872 2545 965 2602 fames
989 2544 1077 2602 rolin-

63 2629 197 2707 qucbat'?
232 2651 311 2691 nunc
332 2632 409 2691 illud
431 2632 536 2693 homeo
559 2637 686 2709 tempus,
709 2635 735 2692 si
754 2633 872 2709 quando
896 2635 950 2692 aut
972 2651 1077 2692 manua

135 2836 291 2907 aquidem
309 2838 341 2891 io
357 2847 454 2893 rosv
526 2837 689 2892 3arbitrii:
709 2837 743 2891 -ii
760 2839 793 2892 ic
810 2855 865 2893 ras.
880 2848 919 2906 33
943 2837 1083 2892 arbitriV

61 2915 79 2962 4
99 2908 258 2978 diriguerat
274 2919 329 2973 vac
407 2909 489 2964 cibis:
508 2909 520 2963 i
538 2912 570 2963 ic
586 2927 641 2964 raa.
662 2910 705 2978 (ec
723 2908 811 2978 cibus)
830 2919 858 2962 Β
938 2909 1079 2974 tinterc

62 2979 170 3048 'lquid
188 2989 238 3033 VM
254 2982 331 3050 (corr.
351 2983 383 3034 ic
401 2981 450 3049 qui
464 2982 509 3050 V);
529 2979 592 3049 quis
611 2993 647 3045 co
698 2996 732 3034 ex
753 2982 834 3051 trago
852 2989 904 3033 ω
919 2982 942 3049 (s
960 2997 1036 3049 supr.
1051 2982 1078 3048 a)

62 3056 157 3105 8non
175 3061 266 3105 neor
353 3051 441 3105 9hac
459 3061 498 3120 B,
517 3067 533 3104 o
551 3062 660 3121 supra
751 3058 782 3105 11
807 3052 898 3105 omnis
916 3051 1034 3105 fecimus
1053 3061 1081 3104 B

62 3127 98 3175 14
117 3120 231 3176 differre
249 3139 283 3177 ec
300 3121 412 3176 differte
430 3132 462 3176 M
522 3123 644 3176 vendisti
662 3132 695 3176 Μ
765 3128 797 3176 15
817 3123 967 3192 septimum
986 3124 1015 3176 et
1033 3137 1079 3176 ex-

61 3249 274 3317 pectuscum
344 3252 377 3302 20
397 3264 442 3302 ac:
458 3209 532 3314 ³7⁰V
599 3247 756 3330 plactusp
826 3246 970 3301 infaustis:
995 3246 1078 3300 -ustis

60 3355 211 3423 scripsit!
291 3360 324 3408 21
349 3364 470 3423 quom
538 3355 604 3425 ore}
625 3364 647 3406 V
704 3337 854 3429 pttcirirfl
934 3353 1078 3407 1311110-

61 3460 200 3516 minanda
221 3469 244 3512 V
301 3444 451 3538 afeptazu
516 3467 550 3515 24
567 3479 640 3516 nonc
658 3471 692 3529 B,
711 3479 730 3514 u
748 3471 856 3531 cupae
929 3465 962 3514 25
982 3476 1081 3514 carues

61 3547 228 3602 expressum
245 3541 305 3586 aas

112 3632 271 3679 omninum
279 3640 486 3677 cucumerem
502 3635 537 3680 sd.
553 3637 698 3684 Iaahnsrt.
907 3630 948 3682 Ἡ)
