2408 3840
81 137 134 192 XII
484 135 698 191 PRAEFATIO.

84 308 214 381 capitulo
238 307 314 375 XX,
342 305 477 382 sequitur
504 306 592 365 index
620 306 884 366 declamationum:
912 308 1042 380 capitula
1069 310 1104 366 ie

84 398 157 455 libro
189 398 431 455 exclamationum
458 396 504 453 M.
530 395 609 453 Fabi
640 396 815 470 Quiatclc'cai
846 413 921 468 quoe
949 400 1019 454 aaut
1047 415 1103 454 aa·

82 502 161 545 mero
185 485 250 544 XX
258 531 353 544 ......
374 503 462 559 quem
484 484 635 559 excipiunt
658 503 760 543 versus
783 485 827 542 hi:

234 575 349 633 incidie
372 574 520 647 quondam
542 590 716 647 suppressas
738 575 946 632 rhetoricorum

278 667 311 722 ia
335 665 426 721 lacem
448 663 532 721 redeo
557 663 757 736 Quintilianus
781 680 838 737 epo.

82 753 155 812 folio
181 754 223 812 90
245 753 278 810 in
301 752 387 816 calce¹
404 751 628 811 declamationis
651 752 721 810 ΠΧ
743 751 911 811 rubricator
934 752 1103 812 uncialibus

81 842 191 902 litteris
213 842 287 902 haec
315 843 465 918 appinxit:
493 842 594 900 Marci
618 841 709 899 Fabii
733 841 908 916 Quintiliani
930 833 1100 920 desssclama·

83 934 195 990 imaum
217 933 277 991 sive
301 949 461 990 cuasarum
483 944 535 990 scu
553 933 722 990 acuminum
744 931 818 989 liber
835 931 957 1003 feliciter
980 932 1103 1004 ccplieit.

84 1021 191 1096 quibus
220 1039 328 1080 nomen
358 1039 444 1078 suum
474 1021 615 1095 apposuit
640 1019 766 1078 Petrus
790 1018 973 1079 Pithoeus.
1003 1020 1103 1095 primo

82 1110 156 1169 folio
179 1109 290 1187 legItur
313 1128 331 1167 a
353 1128 445 1167 manu
472 1108 583 1168 saeculi
605 1108 675 1167 XV:
702 1109 752 1167 Ec
775 1110 859 1167 libris
884 1107 1003 1182 Collecti
1028 1109 1104 1168 Orc·

82 1202 149 1258 torti
174 1199 333 1258 Treeeusc'a
375 1197 451 1257 sicut
473 1200 504 1255 in
523 1197 671 1256 Vossiano
695 1197 874 1257 declamatio
898 1198 993 1257 altera
1015 1217 1102 1273 prae-

82 1289 162 1348 cedit
184 1289 320 1364 primam.

84 1399 86 1402 ·
150 1375 298 1446 Quattuor
316 1377 392 1436 alios
410 1376 502 1434 libros
520 1376 738 1435 Vaticanum
758 1378 802 1434 17
812 1377 871 1449 73,
892 1376 1102 1434 Perizonia-

82 1487 164 1525 num
183 1465 330 1524 infolio
352 1467 401 1540 14,
420 1464 700 1545 Hunterianum‚
722 1464 1006 1524 Laurentianum
1025 1467 1103 1541 plut.

83 1559 138 1615 sin.
161 1555 256 1629 XXII,
280 1556 299 1612 8
328 1574 363 1612 ex
395 1553 498 1612 eodem
527 1555 610 1613 fonte
639 1554 743 1612 ductos
774 1572 835 1613 esse
866 1557 956 1629 atque
986 1554 1106 1613 Monte-

82 1645 274 1722 pessulanum
304 1645 492 1722 cognoscitu
519 1661 568 1717 eo,
598 1643 677 1720 quod
701 1661 801 1701 omnes
832 1644 972 1702 exhibent
995 1646 1026 1702 et
1048 1645 1102 1702 tri-

82 1734 195 1793 bunum
216 1734 385 1791 Marianum
407 1733 499 1791 nullis
522 1731 589 1791 aliis
618 1731 767 1791 codicibus
790 1735 942 1792 servatum
965 1735 995 1791 et
1017 1733 1105 1792 disti·

83 1824 170 1882 chum
197 1822 286 1881 illud:
313 1823 429 1881 invidia
456 1823 603 1895 quondam
627 1840 686 1897 eqs.
711 1821 749 1880 ad
775 1822 977 1881 recensionem
1004 1822 1106 1881 decla-

82 1914 249 1971 mationum
276 1913 377 1969 tamen
404 1911 515 1969 nullius
539 1912 609 1969 sunt
631 1911 788 1985 momenti,
818 1930 886 1969 cum
915 1913 999 1969 nulla
1023 1931 1107 1970 noua

82 2001 216 2060 subsidia
231 2001 268 2059 ad
283 2000 517 2076 cognoscendam
536 2001 692 2076 archetypi
708 1999 839 2058 indolem
857 2001 948 2075 atque
961 2004 1103 2059 naturam

82 2090 253 2167 praebeant.
295 2091 363 2149 sunt
394 2091 472 2148 enim
501 2090 605 2147 multis
635 2089 785 2164 inquinati
815 2089 898 2149 vitiis
928 2091 958 2147 et
987 2092 1107 2148 coniec*

82 2182 167 2253 turis,
191 2187 281 2254 atque
304 2180 489 2253 irrepserunt
510 2180 542 2235 in
561 2178 797 2236 Laurentianum
820 2181 850 2237 et
872 2177 1102 2237 Perizonianum

82 2271 271 2344 potissimum
301 2268 413 2326 multae
436 2266 578 2326 lectiones
603 2267 736 2326 codicum
765 2268 885 2326 infimae
915 2270 1012 2326 notae.
1055 2271 1099 2326 at-

82 2360 182 2416 tamen
205 2359 237 2415 in
260 2357 372 2415 edendo
395 2357 518 2415 tribuno
541 2356 689 2430 Mariano,
718 2376 785 2415 cum
807 2356 979 2415 melioribus
1003 2376 1101 2415 earea-

82 2467 148 2505 mus
167 2446 287 2504 auxiliis
302 2447 444 2504 Vaticani
463 2448 493 2504 et
506 2446 693 2504 Perizoniani
711 2447 853 2505 lectiones
871 2447 904 2502 in
923 2449 1102 2521 apparatum

82 2538 193 2612 recepi,
217 2555 275 2612 qno
299 2535 389 2593 simul
412 2530 645 2603 demonstrarem
669 2537 814 2609 quantum
837 2535 875 2594 ab
897 2535 1101 2611 Montepessu-

82 2626 151 2684 lano
176 2624 329 2683 distarent.

149 2716 195 2772 Ex
219 2713 325 2788 quibus
343 2714 544 2773 Vaticanus
567 2714 705 2771 latinns
726 2715 770 2771 17
780 2714 824 2771 73
845 2704 934 2794 (0)¹)
953 2712 1100 2771 membra-

82 2822 191 2862 naceus
206 2802 319 2862 saeculi
332 2802 412 2876 XlV,
427 2803 523 2861 forma
536 2803 666 2861 maxima
680 2803 821 2861 foliorum
837 2803 887 2875 74,
901 2801 1039 2859 binarum
1054 2820 1102 2860 co-

82 2893 252 2950 lumnarum
271 2909 410 2949 versuum
427 2892 467 2949 56
487 2893 621 2951 continet
637 2894 756 2967 praeter
775 2891 1005 2949 declamationes
1025 2910 1105 2966 quae-

82 2982 133 3040 fol.
165 2983 273 3038 1—54
304 2979 452 3054 obtinent,
485 2984 622 3057 excerpta
654 2999 689 3039 ex
722 2981 930 3039 controversiis
964 2979 1103 3038 Senecae.

83 3072 149 3129 erat
176 3069 246 3129 olim
271 3069 431 3145 Gasparini
459 3070 494 3127 de
518 3070 660 3128 Barziziis
689 3070 741 3145 qui
767 3070 878 3129 multas
906 3071 938 3128 in
966 3071 1103 3145 margine

83 3159 243 3235 adscripsit
270 3158 490 3218 observationes
519 3162 549 3218 et
573 3160 714 3218 lectiones
742 3159 876 3217 codicum
904 3160 1102 3233 interpolato-

81 3269 156 3307 rum.
200 3248 271 3323 quid
302 3248 337 3306 de
365 3248 580 3307 declamatione
602 3239 664 3306 IIIb
686 3247 878 3321 iudicaverit,
906 3248 989 3325 legas
1021 3247 1102 3322 apud

82 3338 282 3397 Dessauerum
305 3337 324 3394 l.
343 3339 362 3394 l.

82 3450 296 3458 --—-.-..-—

156 3511 181 3574 1)
201 3507 236 3560 of.
256 3506 422 3573 Hammer,
441 3525 468 3576 p.
485 3512 527 3574 20,
547 3506 731 3575 Dessauer,
749 3525 776 3576 p.
793 3513 834 3560 16.
