2408 3840
286 173 289 179 ’
341 158 575 214 Dactnnsslo
594 159 684 214 XVIII
699 166 775 214 1-2.
999 161 1063 224 321

50 329 146 403 sierit,
169 327 242 403 quid
263 330 359 387 morte
378 317 561 405 compererit.
598 329 776 404 respondeat
799 329 899 388 saltim
922 349 997 404 reus,
1021 330 1064 387 fa·

49 419 153 476 teatur
178 418 274 476 iratus
296 436 349 476 cur
375 418 407 474 in
433 421 554 493 peracta
577 417 751 477 crudelitate
777 419 941 477 modestiae
968 420 1065 478 fronte

51 506 195 566 substitit.
241 525 294 565 nec
321 509 407 564 uxori
434 509 532 582 potest
558 507 655 566 videri
681 526 815 583 parcere,
842 507 878 566 de
907 527 966 582 qua
991 509 1065 566 scire

52 595 151 654 voluit
177 613 216 652 an
244 599 321 654 esset
346 597 472 671 incesta,
499 614 553 654 nec
579 595 642 654 filio
671 616 759 671 quem
786 599 940 672 tamquam
968 598 1065 671 sciret,

24 683 169 745 succidit.
215 687 284 743 ante
316 685 415 742 omnia
444 685 547 761 igitur,
577 685 702 759 iudices,
734 685 842 743 mulier
870 685 1066 744 infelicissimi

52 773 175 850 pudoris
192 773 248 831 hoc
271 773 308 831 ab
332 773 495 832 adfectibus
514 773 640 849 publicis
663 776 748 849 petit,
770 793 807 832 ne
826 773 910 832 vobis
929 792 1066 834 accusare

52 862 198 921 videatur.
238 881 320 920 ream
344 881 374 921 se
396 865 511 937 incesti,
533 881 615 921 ream
637 862 789 938 parricidii
811 864 906 938 putat.
949 863 1073 922 exhibet.

52 951 164 1028 populo
195 951 405 1009 conscientiam
435 970 519 1010 suam
546 954 577 1010 et
604 952 743 1011 adversus
774 970 977 1026 quemcunque
1007 971 1066 1011 ser·
1107 980 1110 986 ·

52 1059 185 1114 monem,
212 1040 408 1115 quodcunque
441 1043 585 1099 secretum
612 1042 720 1099 marito
747 1041 903 1116 famaeque
933 1043 1066 1117 praestat

13 1151 39 1190 ro
52 1129 268 1206 interrogandi·
282 1132 469 1205 potestatem.
515 1130 607 1188 vellet
628 1131 830 1188 innocentiam
857 1131 918 1188 suis
941 1130 1066 1205 probare

52 1218 224 1293 visceribus,
247 1219 338 1277 vellet
360 1221 391 1276 in
415 1219 539 1293 caulone,
561 1220 601 1276 in·
616 1221 700 1296 ignes
722 1219 799 1278 hanc
820 1220 959 1278 miseram
981 1238 1065 1294 prae·

53 1307 180 1383 cipitare
215 1308 366 1382 pietatem.
411 1309 568 1384 ignoscite,
603 1308 728 1383 iudices,
760 1307 956 1383 inpatientiae
989 1309 1101 1383 quaet

53 1399 159 1456 contra
181 1396 405 1454 callidissimam
431 1397 698 1456 dissimulationem
724 1397 862 1455 libertate
885 1397 1001 1456 doloris
1019 1416 1065 1455 ex·

54 1487 182 1544 aestuat.
217 1487 364 1543 incestum
386 1485 561 1560 probaretur
584 1486 704 1544 silentio
726 1487 829 1562 patris,
854 1486 880 1544 si
903 1487 1015 1544 taceret
1037 1489 1067 1545 et
1164 1549 1167 1556 ,

15 1594 40 1636 rs
53 1576 159 1633 mater.
205 1574 352 1648 equidem,
384 1574 508 1649 iudices,
540 1577 604 1633 tam
631 1577 794 1633 contrarios
827 1576 959 1634 adfectus
989 1577 1067 1634 senis

53 1664 128 1722 satis
153 1662 302 1738 admirari,
326 1665 398 1722 satis
422 1666 540 1740 stupere
562 1682 622 1722 non
643 1682 772 1740 possum.
809 1664 840 1721 in
862 1683 980 1723 rumore
1003 1667 1067 1723 tam

53 1751 202 1828 suspicax,
220 1754 288 1828 post
306 1755 454 1810 tormenta
472 1753 597 1830 patiens,
616 1753 703 1811 modo
723 1752 761 1810 ad
778 1752 897 1811 fabulas
916 1754 1067 1829 vulgares-

54 1860 112 1917 que
135 1859 283 1900 sermones
306 1859 417 1916 pronus
440 1861 474 1900 ac
497 1843 607 1915 facilis,
629 1843 662 1900 in
686 1842 822 1917 orbitate,
847 1841 880 1899 in
898 1842 1066 1918 parricidio,

53 1932 154 1989 reatus
188 1948 303 2005 quoque
336 1930 435 1989 dolore
468 1932 619 1990 conticuit.
666 1950 723 2006 quo
754 1934 876 2006 repente
908 1948 1066 1989 conversus

14 2040 41 2080 ss
54 2017 120 2078 est?
142 2020 175 2076 in
198 2038 288 2094 quam
310 2019 486 2078 modestiam
508 2019 801 2095 desperationemque
825 2017 951 2078 defecit?
979 2021 1068 2078 torsit

54 2112 211 2184 tamquam
234 2108 395 2182 dicturum,
422 2110 503 2169 tacet
524 2111 679 2184 tamquam
702 2108 817 2166 dixerit.
863 2107 951 2166 fidem
973 2109 1068 2185 igitur

54 2199 195 2272 vestram,
218 2196 337 2271 iudiceS,
360 2217 397 2254 ne
421 2198 468 2255 cui
487 2199 619 2273 praestet
636 2216 760 2274 magnae
780 2197 947 2255 severitatis
967 2199 1067 2255 aucto·

53 2287 177 2345 ritatem
208 2305 267 2344 non
294 2305 379 2362 posse
411 2286 543 2361 defendi,
573 2307 646 2345 neve
673 2286 739 2344 ideo
767 2287 913 2361 suspicari
939 2285 1068 2344 nefanda

53 2375 182 2450 malitis,
206 2375 277 2450 quia
300 2393 330 2434 se
353 2375 471 2433 silentio
495 2376 644 2452 parricida
666 2376 800 2432 miratur.
846 2393 966 2449 parcere
989 2394 1067 2433 nunc

17 2465 144 2526 suillum
173 2465 313 2538 cuiquam
344 2464 468 2523 tacendo
500 2462 640 2524 creditis?
672 2465 756 2539 loqui
783 2482 812 2522 se
841 2482 909 2521 cum
940 2466 1068 2522 maxime

128 2745 145 2793 1=
163 2739 300 2809 comperit
318 2761 336 2792 a
389 2739 616 2808 respondeatis
667 2739 767 2794 saltem
786 2749 831 2804 Mc
889 2741 955 2793 Vin
968 2741 1068 2809 perata

55 2820 116 2865 lm
131 2812 172 2881 (in
188 2829 273 2881 marq.
292 2811 424 2880 inparata
441 2811 495 2881 m);
514 2811 653 2880 imperata
670 2821 692 2863 V
758 2811 880 2865 frontem
897 2821 922 2864 J
991 2812 1069 2865 4in-

55 2884 134 2940 corta
151 2892 173 2934 V
239 2899 291 2937 nec
304 2899 354 2937 om.
368 2891 429 2935 ΒΜ
496 2898 580 2952 quem
598 2900 631 2936 ec
644 2889 798 2938 correctura
812 2892 845 2936 Μ
913 2883 1034 2947 thece

55 2987 203 3044 effectibus
222 3001 243 3042 o
292 2971 372 3044 vobis
390 2999 419 3043 B
494 2988 683 3056 Vincert1113
702 2989 816 3042 incertis
834 2999 856 3041 V
906 2989 1073 3043 exibetur!

54 3059 200 3130 8populo
220 3073 304 3126 suos
376 3066 408 3114 11
432 3060 461 3113 in
480 3059 560 3130 ignes
579 3078 628 3115 om.
648 3070 669 3112 V
745 3066 776 3113 13
801 3060 1003 3114 calidissimam
1021 3068 1074 3113 BV

55 3131 75 3198 (l
94 3149 169 3201 supr.
185 3133 213 3200 o)
281 3137 314 3186 15
334 3131 495 3200 etquidem
512 3141 572 3185 Vm
642 3137 673 3186 16
694 3132 836 3185 ammirari
854 3139 886 3185 Μ
945 3148 1106 3185 rumorez'

54 3218 136 3258 ruere
149 3213 184 3270 B,
198 3214 299 3258 corno
354 3209 386 3257 17
407 3202 555 3274 suspica&
570 3212 602 3256 Μ
631 3203 833 3286 ,νυΙςθτθεᾳιιθ
847 3212 875 3255 Β
928 3208 961 3256 18
980 3203 1070 3271 pani-

55 3328 120 3382 cido
138 3337 165 3380 P
216 3333 249 3380 21
270 3327 417 3393 docturum
434 3339 456 3381 V
510 3334 544 3383 22
563 3293 639 3399 nee}l
652 3337 684 3381 M
699 3329 783 3398 (supr.
798 3329 838 3398 m)
893 3328 1020 3396 praestat
1037 3337 1070 3391 Vs

55 3406 90 3454 23
109 3415 179 3453 non:
197 3412 306 3465 nunes
358 3417 472 3469 possum
489 3410 511 3452 V
560 3399 848 3453 nefanda-silentio
868 3399 932 3452 lar
948 3407 1034 3457 σω

55 3469 181 3525 nefanda
194 3469 301 3525 malitis
316 3472 407 3526 Paris.
419 3476 493 3527 7600
507 3488 579 3526 man.
590 3476 621 3526 2:
637 3469 789 3524 nefandam
804 3470 877 3523 alius
891 3492 926 3538 ω;
945 3469 1070 3524 nefanda

55 3541 204 3598 malitias
275 3548 310 3596 24
327 3542 457 3598 miratur:
480 3545 591 3598 tutatur
609 3542 670 3600 Scit.
907 3545 919 3557 “’
999 3551 1002 3554 “

111 3641 268 3690 ommam
278 3651 486 3687 nrocmruom
501 3646 537 3688 od.
552 3646 697 3688 Lehnert.
900 3634 944 3684 Ἃ
