2408 3840
114 135 179 201 250
480 134 571 189 Apus
589 133 767 191 Pavpsms

113 302 235 363 volent?
257 322 295 362 ne
317 304 472 363 hortorum
490 322 624 362 meorum
641 303 764 363 floribus
781 300 936 364 insidant?
957 316 997 362 ne
1015 305 1051 363 in
1069 323 1134 364 meo

112 412 211 452 rorem
233 390 355 471 legant?
395 411 523 467 remove,
545 388 695 452 transfon’
732 393 971 469 inpotentissime
995 394 1133 469 tyrsum

114 480 193 558 quo?
238 481 384 558 numquid
414 483 478 540 tam
507 482 604 540 latum
635 482 771 558 possideo
798 483 945 560 agellum,
977 485 1014 541 ut
1047 482 1132 542 illuni

114 589 183 646 apes
202 572 388 631 transvolare
406 590 466 629 non
488 568 625 647 possint?
660 589 756 646 nequo
774 573 876 630 tamon
893 572 1017 630 tanturm
1034 573 1131 631 inerat

113 662 226 736 pectori
244 679 309 719 meo
327 659 426 733 robur,
448 661 562 719 utnon
584 660 776 736 perturbarer
797 660 1026 720 denuntiatione
1043 663 1129 720 notae
1150 677 1161 720 e

113 751 306 824 inpotentiae.
347 749 431 808 volui
452 749 620 824 relinquere
642 751 740 809 avitos
765 750 843 808 lares
865 751 897 808 et
923 751 1057 809 conscios
1079 767 1129 808 na·

113 839 222 897 talium
244 840 373 914 parietes
391 840 422 897 et
443 839 541 913 ipsam
563 839 745 897 nutriculum
763 855 863 898 casam
879 839 1003 913 iamque
1021 834 1128 914 paupe·

113 947 178 986 rem
200 928 299 986 focum
323 929 353 986 ct
375 927 492 986 fumosa
516 929 597 986 tecta
620 930 651 987 et
673 929 803 987 conatus
825 927 899 987 meis
922 927 1062 987 manibus
1083 946 1125 986 ar·

113 1017 250 1076 bucculas
274 1016 440 1075 destinatus
464 1017 546 1075 exsul
569 1018 706 1076 omittere
730 1015 925 1076 decreveram.
972 1016 1064 1090 volui,
1085 1015 1125 1073 iu·

114 1105 203 1180 dices,
226 1104 374 1180 decedere,
396 1104 492 1180 rohai,
514 1103 567 1164 sed
588 1105 705 1165 nullum
726 1106 814 1181 potui
834 1105 971 1164 invenire
991 1105 1153 1184 agellmn

114 1196 147 1252 in
171 1213 229 1270 quo
252 1213 311 1252 non
334 1193 409 1251 mihi
430 1195 546 1253 vicinus
569 1193 652 1254 dives
676 1196 760 1253 esset.

180 1283 243 1341 Nec
273 1285 375 1341 tamen
406 1282 493 1342 licuit
521 1282 572 1340 diu
600 1301 750 1359 quaerore.
796 1283 874 1342 forte
906 1301 1028 1342 somnne
1055 1299 1125 1358 pura

114 1371 179 1430 luce
202 1371 328 1431 fulserat
350 1371 422 1444 dies,
446 1374 476 1429 et
497 1371 603 1430 hilaris
626 1373 769 1431 matutini
791 1371 862 1432 solis
887 1373 976 1449 tepor
999 1371 1038 1431 ad
1059 1372 1124 1431 coti·

114 1460 204 1518 diana
236 1479 326 1535 opera
357 1461 466 1520 laetius
498 1460 587 1520 solito
620 1479 728 1539 agmen
758 1460 912 1520 effuderat.
963 1462 1038 1537 quin
1067 1461 1124 1536 ipse

114 1551 265 1624 spectator
287 1548 392 1625 operis,
411 1551 633 1625 —praecipua
655 1569 784 1626 namque
806 1551 880 1609 haec
898 1550 975 1609 milri
992 1550 1152 1625 voluptess

115 1640 188 1712 erat,
207 1656 470 1714 —processeram
492 1656 613 1715 sperans
637 1639 709 1714 fore,
732 1641 767 1698 ut
785 1639 917 1698 viderem
940 1638 1123 1715 quomadmo

115 1727 186 1786 dnm
209 1727 285 1786 aliae
308 1727 436 1786 libratae
458 1728 558 1803 pinnis
580 1746 672 1787 onera
694 1729 870 1803 conferrent,
893 1728 973 1787 aliae
997 1727 1124 1804 deposita

115 1817 231 1876 sarcina
257 1817 290 1873 in
317 1831 409 1875 novas
440 1819 668 1893 prorumperent
699 1816 839 1894 praedas,
870 1818 914 1891 et,
948 1833 1124 1894 quamquam

116 1907 242 1983 angusto
269 1905 462 1965 festinaretur
489 1905 587 1981 aditu,
618 1905 707 1965 turba
734 1908 835 1965 tamen
867 1907 1041 1965 exeuntium
1070 1923 1123 1963 non

115 1994 247 2053 obstaret
282 1995 478 2069 intrantibus,
515 1995 592 2054 aliae
628 1995 809 2055 militaribus
841 1997 948 2054 castris
984 1994 1151 2073 pellerentur

114 2085 221 2162 vulgus
248 2086 404 2160 ignavum,
434 2084 512 2142 uliae
539 2084 663 2169 longum
690 2102 862 2160 permensio
892 2086 952 2143 iter
984 2085 1123 2162 fatigatae

115 2174 280 2232 anhelitum
311 2173 476 2246 traherent,
507 2173 582 2231 haec
608 2173 647 2232 ad
679 2175 826 2233 aestivum
853 2173 947 2234 solem
979 2172 1122 2249 porroctas

115 2262 261 2338 panderet
285 2264 400 2338 pinnas.

80 2349 98 2405 5
182 2351 325 2411 Miserum
342 2370 399 2425 me,
421 2351 565 2428 ignoscite
584 2350 673 2410 modo
696 2350 854 2429 gemitibus
877 2352 961 2424 meis,
985 2369 1046 2411 non
1064 2349 1122 2408 flos-

116 2442 196 2500 culos
223 2439 340 2517 perdidi
371 2457 425 2498 nec
456 2439 567 2499 caduca
598 2441 672 2499 folia
704 2441 838 2516 proximo
870 2439 995 2517 lapsura
1028 2440 1150 2498 ventors

116 2549 198 2606 apae,
226 2548 294 2588 cum
316 2529 464 2604 volarent,
493 2529 653 2606 suffiigium
676 2530 834 2588 tenuitatis
860 2547 957 2602 meae,
986 2529 1123 2590 solacium

115 2620 274 2679 senectutis
306 2619 400 2677 amisi.
451 2637 604 2694 nunquam
636 2637 682 2677 me
715 2618 790 2677 alias
821 2635 984 2694 pauperem
1016 2615 1123 2696 putavi

188 2883 201 2929 1
221 2876 296 2931 volet
314 2886 348 2943 Β,
367 2895 386 2930 n
404 2887 512 2946 capue
579 2876 736 2930 insideant:
755 2878 780 2945 (e
799 2892 832 2930 ex
849 2875 870 2945 i)
884 2885 925 2942 33
944 2874 1083 2930 insidiant
1099 2882 1125 2939 ῖς

115 2981 259 3055 ἰηείάξαηὴ
277 2985 298 3054 (i
316 2985 363 3053 er.)
379 2991 411 3036 M
496 2964 558 3037 me⁰
573 2992 601 3035 fl
689 2965 804 3052 ilegdt
821 2991 843 3034 V
929 2987 1079 3052 3quoquo
1096 2989 1126 3043 P.

115 3072 183 3110 corr.
197 3078 218 3117 ρ
271 3058 343 3109 tam:
363 3055 463 3137 iamt
515 3053 650 3123 angulum
663 3055 813 3124 Bucco.
828 3056 856 3122 e)
908 3060 1040 3124 4neque
1058 3056 1126 3120 enin

115 3164 210 3215 tamen
229 3171 250 3214 s·
318 3145 428 3215 6v01u¹
446 3171 474 3215 Β
540 3165 690 3214 ‘Icausam
707 3170 742 3227 Β,
761 3170 863 3216 corus
931 3157 1127 3215 carbunculis

115 3233 267 3287 transferre
286 3233 479 3287 destinatuse
550 3233 720 3286 eomittere
738 3248 789 3287 om.
804 3243 859 3285 uos
933 3236 965 3285 10
990 3231 1067 3287 volui
1083 3229 1127 3284 de·

116 3305 214 3358 cedere
232 3304 379 3359 iudicess
453 3309 485 3357 14
504 3302 640 3357 effuderat
658 3313 691 3368 1³,
710 3320 778 3358 corr.
791 3325 813 3365 p
884 3307 917 3356 16
956 3302 1128 3359 accesserunt

117 3384 176 3428 ns!
235 3382 268 3428 17
286 3382 312 3430 et
331 3381 364 3430 23
383 3375 483 3445 pennis
502 3396 524 3427 ω
539 3381 650 3444 practer
667 3384 695 3428 Β
711 3376 761 3430 ubi
777 3384 879 3429 corae
936 3320 1083 3429 Honoras
1119 3441 1125 3453 .

117 3451 150 3498 20
169 3446 274 3515 pellere
292 3457 344 3501 Βν
398 3452 432 3501 25
451 3446 578 3516 proxima
592 3455 620 3498 fl
679 3451 713 3500 26
732 3461 812 3515 apes:
832 3444 922 3514 apisci
936 3443 1017 3513 Κις
1035 3458 1127 3515 aspen

113 3516 142 3569 K
160 3527 190 3584 s',·
208 3534 277 3590 apes
350 3535 414 3573 cum
433 3527 465 3572 Π
532 3515 667 3587 effugium
685 3526 733 3570 Bu
