2408 3840
404 125 637 183 DECLAMATIO
655 125 808 182 fleo-23.
1066 127 1109 194 39

102 316 162 356 nou
186 291 380 371 abscondere,
408 299 438 356 et
464 300 565 356 tumen
593 300 782 380 cruentatum
809 297 891 356 sciat.
937 295 1003 374 quis
1025 298 1110 372 hanc,

103 384 226 461 iudices,
252 385 458 463 inpudentiam
481 384 578 444 ferat?
623 389 714 464 negat
737 405 823 445 caeco
846 386 956 463 surripi
977 389 1109 463 potuisse

105 474 238 554 gladium
264 475 375 534 mulier
395 494 474 552 quae
502 493 532 534 se
560 477 660 551 quiete
686 476 827 534 defendit.
874 479 903 534 et
926 478 1038 551 quanto
1066 476 1109 534 fa-

97 565 187 624 cilius
211 567 257 624 est
279 580 396 624 somnos
419 564 552 640 decipere
575 563 772 624 miserorum?
817 565 938 642 gratim
960 567 1005 623 est
1027 565 1109 640 quies

77 653 209 730 sqmbus
232 672 268 711 ex
291 653 466 713 lassitudine
489 653 706 712 calamitatium
729 654 820 714 venit.
865 671 951 712 caeco
974 672 1043 713 vero
1067 655 1111 712 fe·

99 742 157 802 cile
180 744 240 817 est,
268 741 359 801 etism
381 742 521 818 vigilanti
542 742 695 819 subripere
718 743 860 819 gladium.
908 736 1111 820 [quemadmo-

100 831 173 889 dum
202 834 325 906 paratur
349 825 592 910 argumentumi’]
638 832 785 907 quaedam
807 832 904 890 facere
926 850 987 890 non
1012 834 1112 907 potest

100 919 305 998 neglegentia,
331 923 363 978 et
385 919 503 979 facilins
522 922 579 995 est,
602 922 637 978 ut
660 920 833 979 caecitatem
854 920 1010 979 imitentur
1032 919 1112 978 oculi

101 1003 253 1088 [gladium
271 1010 457 1068 cruentatum
471 1002 656 1087 reponendi}
689 1010 742 1068 hes
760 1012 881 1068 tantum
900 1027 1003 1068 causas
1022 1008 1112 1066 habet

61 1120 88 1159 10
102 1098 156 1174 qui
180 1096 289 1157 oceidit
310 1097 418 1157 alieno.

170 1185 283 1262 SentiO,
305 1186 425 1262 iudices,
447 1186 620 1245 iamdudum
641 1187 792 1264 indignari
809 1187 1008 1246 miserrimum
1030 1186 1111 1244 iuve-
1127 1186 1165 1240 23

101 1294 171 1334 nem
195 1275 274 1351 qnod
301 1277 496 1353 argumentis,
519 1277 600 1352 quod
626 1276 801 1351 probatione
826 1276 1001 1334 defenditur.
1047 1275 1112 1334 ied-

101 1364 202 1423 denda
218 1367 288 1423 sunt
304 1365 433 1425 maximo
447 1366 581 1425 virorum
597 1365 764 1440 patrocinia
782 1367 846 1422 tem
863 1365 931 1441 piae
951 1363 1113 1438 caecitatis,

101 1453 272 1531 etagenda
294 1454 409 1530 reliqua
432 1472 501 1530 pars
523 1471 630 1513 causeo
652 1453 857 1514 admiratione.
898 1452 1009 1512 intueri
1030 1452 1113 1526 mihi,

62 1563 88 1605 15
101 1541 229 1617 indices,
256 1542 359 1602 videor
384 1543 581 1619 expeditionis
608 1543 690 1602 illius
717 1542 920 1609 incredibilem
946 1560 1113 1617 novemque

101 1632 218 1690 faciem
255 1631 340 1691 radit
361 1635 448 1708 rapto
469 1634 556 1708 patre
573 1631 689 1691 iuvenis
711 1651 764 1707 per
783 1631 918 1690 ardentes
936 1633 1112 1690 crescentes·

102 1738 161 1796 que
184 1720 328 1779 flammas
365 1720 513 1780 dicturum
536 1740 583 1779 me
604 1719 728 1796 putatis,
751 1723 785 1778 ut
804 1721 921 1795 eradat,
943 1722 978 1778 ut
994 1717 1113 1796 fugiat?

100 1812 245 1886 properat
264 1810 364 1884 misor,
386 1813 422 1868 ut
444 1811 619 1870 revertatur.
657 1828 694 1868 en
716 1809 839 1868 menbra
861 1811 1001 1869 contactu
1025 1808 1113 1866 strin-

102 1902 217 1976 guntur
239 1897 367 1975 ignium,
392 1901 481 1975 pater
502 1901 603 1958 tomen
625 1901 690 1957 toto
713 1900 882 1974 cooperitur
904 1898 1057 1974 amplexu,
1084 1899 1114 1955 et

60 2010 88 2050 ro
101 1987 277 2047 ardentibus
302 1990 375 2046 tunc
398 2006 514 2064 quoque
540 2005 635 2064 paene
657 1986 818 2046 luminibus
845 1989 983 2045 texerunt
1008 2004 1113 2048 monus

102 2076 228 2136 alterim
248 2076 356 2136 oculos.
393 2078 448 2136 hoc
466 2095 544 2136 nunc
561 2095 609 2135 me
626 2078 740 2152 putatis
764 2079 891 2152 stupere,
914 2075 1017 2134 mirari
1035 2074 1115 2151 quod

101 2165 173 2224 hnic
201 2164 317 2225 iuvenis
343 2166 427 2225 oneri
453 2184 508 2241 per
533 2165 646 2225 medios
673 2165 789 2242 ignium
816 2165 920 2242 globos
943 2167 973 2223 et
995 2165 1114 2222 ruentia

100 2258 184 2314 tecta
211 2252 341 2314 sufficit?
367 2254 444 2313 illud
470 2257 517 2314 ast
544 2255 591 2323 cui
618 2254 669 2314 rix
695 2253 802 2314 habere
824 2253 920 2328 possit
946 2253 1113 2312 mortalitas

101 2343 205 2402 fidem:
238 2342 320 2402 visus
347 2347 392 2402 est
419 2343 478 2402 sibi
503 2345 608 2402 secuse
634 2362 698 2402 rem
728 2343 853 2401 facilem.
899 2345 1042 2416 quantae,
1073 2339 1115 2398 dii

59 2453 88 2496 25
102 2433 250 2508 deaeque,
272 2434 393 2508 pietatis
415 2432 542 2491 audacia
566 2434 624 2507 est,
646 2432 689 2490 ire
711 2449 813 2498 rursus
836 2431 868 2489 in
890 2431 1038 2506 flammas,
1061 2429 1114 2488 illo

176 2714 190 2763 1
210 2712 306 2763 tamen
320 2708 395 2777 quod
411 2709 587 2762 cruentatum
602 2717 634 2760 Μ
676 2706 751 2775 quis:
771 2707 840 2775 quid
860 2716 881 2759 V
927 2713 942 2761 2
962 2704 1084 2775 suprripi
1098 2713 1119 2756 ι’

103 2787 120 2835 b
140 2780 242 2850 quibus
261 2796 311 2834 om.
329 2789 352 2832 ι’
402 2779 606 2844 columitatium
624 2787 662 2847 153
681 2779 765 2832 -tium
784 2788 833 2831 VM
842 2779 1023 2843 wiberticum
1042 2779 1115 2830 tum

101 2852 204 2920 reliqui
275 2856 339 2919 seq.
358 2849 594 2919 quemadmodum
605 2881 638 2890 —
648 2852 845 2919 argumentum
863 2849 913 2905 dei.
934 2850 1012 2904 Dece.
1084 2847 1115 2900 in

102 2923 170 2978 eliis
184 2922 264 2976 libris
278 2939 335 2976 non
348 2921 380 2975 fit
394 2921 577 2992 interrogatio
591 2923 656 2990 post
669 2923 873 2991 argumentum,
888 2921 938 2974 sed
951 2922 1071 2974 metrum
1084 2920 1116 2972 iac

101 3011 232 3065 margo·
278 2998 293 3046 'l
313 2995 408 3047 autem
422 3000 485 3048 onte
502 2994 633 3062 paratum
651 2992 715 3046 add.
725 3005 789 3056 mss
833 2993 943 3062 paritur
955 3001 979 3045 J
1020 2997 1035 3044 9
1055 2990 1117 3059 gla-

103 3066 185 3121 dium
204 3095 237 3107 -
255 3063 479 3150 reponendae.
494 3065 573 3119 Dese.
588 3081 618 3133 p.
635 3067 671 3119 72
726 3064 881 3133 reponendi
899 3084 930 3116 a:
949 3063 1115 3132 reponentes

100 3204 148 3256 573
167 3189 217 3244 -tis
236 3201 257 3242 c
313 3194 346 3243 12
364 3136 453 3243 re‘iida
472 3194 509 3255 Μ,
528 3205 595 3243 corr.
610 3208 642 3240 m
703 3193 736 3242 14
756 3186 922 3242 dmiratione
944 3196 966 3238 v
1016 3191 1049 3240 15
1069 3179 1113 3239 er-

101 3261 270 3332 peditionie:
290 3265 335 3315 oie
352 3261 384 3314 ic
402 3277 456 3316 rae.
471 3268 514 3325 M3
533 3259 717 3329 expositionis
735 3268 764 3325 J,
784 3271 878 3314 corus
938 3263 971 3310 18
989 3256 1114 3323 membre

101 3342 132 3387 Β
192 3332 347 3402 etrigantur
364 3341 393 3385 B
453 3334 488 3384 20
506 3347 617 3384 manus:
639 3346 735 3383 manes
753 3331 772 3400 Ξ
790 3338 832 3396 M,
851 3331 882 3384 ic
900 3346 985 3399 marg.
1001 3345 1115 3383 corum

101 3445 137 3493 21
158 3421 293 3509 buben
346 3445 379 3493 m
398 3436 497 3493 honeri
510 3446 565 3490 nr·
617 3441 650 3490 ss
670 3435 780 3490 mffeeir
799 3449 825 3488 ει
876 3442 911 3490 24
928 3436 1056 3506 quaeres
1075 3446 1123 3498 ee.

102 3512 212 3580 quanta
231 3513 260 3564 et
277 3520 337 3577 111'3
357 3512 463 3579 quanta
475 3518 511 3562 M
579 3513 611 3564 25
631 3507 732 3566 flamus
751 3519 778 3565 Β
