2408 3840
393 128 628 184 DECLAMATIO
647 118 724 184 XVII
738 134 815 185 3--6.
1051 128 1117 194 305

100 299 254 378 pereuntis
275 299 459 376 inpleveram
481 331 526 341 ——
548 301 694 374 quantum
717 298 804 357 credo
822 329 867 338 -
889 298 1020 357 lacrimis
1043 299 1116 357 meis

99 391 273 468 gemituque
295 389 455 464 perductus
477 389 611 447 intravit.
656 407 717 447 non
739 389 839 463 potest
861 387 969 462 videri,
996 388 1117 463 iudices,

100 478 270 555 suspicatus
293 477 408 553 aliquid
430 477 467 536 de
489 476 659 553 parricidio.
696 476 768 551 quid
791 479 931 551 tererem,
960 477 1008 536 cui
1029 484 1117 553 para·
1162 525 1165 537 .

99 587 173 642 rem,
195 567 347 627 nesciebat
370 565 422 642 qui
444 568 648 644 interrogavit.

72 677 86 717 a
168 656 283 715 Nuntio
297 655 390 729 vobis,
409 655 588 715 sanctissimi
602 655 668 730 viri,
686 654 762 712 nihil
781 673 799 712 a
817 653 1011 714 morientibus
1028 655 1116 732 fingi:
1134 660 1154 714 5

100 746 179 805 nibil
201 746 266 804 vita
292 744 448 803 laborante
475 744 648 820 simplicius.
696 743 734 802 ad
757 743 890 802 subitum
916 745 1118 803 interventum

99 836 198 911 patris
221 854 281 893 non
303 836 457 909 tamquam
481 833 678 909 deprehensus
702 833 842 908 obstipui,
864 833 979 892 facinus
1001 852 1049 890 me
1072 836 1118 891 ta-

100 926 188 984 cente
210 941 270 984 non
292 923 399 1000 pallor,
426 942 485 982 non
513 925 558 982 est
585 922 719 981 confessa
744 921 919 998 trepidatio,
947 940 1014 998 nec,
1041 924 1119 981 sicut

102 1012 235 1072 accidere
258 1012 432 1071 nocentibus
455 1012 540 1087 solet,
562 1012 616 1069 illa
634 1011 723 1071 obvia
741 1028 857 1088 semper
880 1013 1043 1070 errantium
1065 1031 1117 1088 pa-

60 1123 88 1163 ro
101 1102 298 1161 trooiniorum
320 1101 411 1160 verba
433 1101 562 1176 vanari,
587 1119 654 1159 cum
676 1119 723 1159 me
745 1103 867 1176 repente
884 1101 1118 1178 interrogatione

102 1191 204 1251 subita
227 1192 376 1266 avocavit,
402 1189 537 1265 abduxit,
562 1190 711 1265 quaesivit
733 1189 806 1266 quid
828 1193 967 1264 tererem,
995 1189 1042 1249 oui
1064 1209 1118 1266 pa-

101 1299 214 1354 rarem,
241 1279 293 1338 sed
316 1298 371 1357 ego
395 1281 457 1338 sine
480 1279 682 1352 cunctatione,
709 1281 773 1337 sine
800 1279 943 1338 tarditate
971 1279 1118 1355 respondi,

102 1372 134 1429 et
157 1388 205 1427 me
227 1370 303 1427 mori
325 1368 410 1443 velle,
434 1368 538 1427 eadem
559 1369 687 1427 verimte
709 1370 740 1426 et
762 1369 912 1427 confessus
933 1387 1008 1444 sum,
1031 1388 1117 1428 vene-

101 1478 178 1517 num
196 1475 258 1517 esse
275 1456 355 1534 quod
372 1458 532 1516 terebatur.
570 1457 647 1532 date,
669 1456 791 1531 iudices,
813 1461 930 1533 patrem
949 1459 1001 1532 qui
1023 1457 1119 1516 filium

63 1566 89 1608 rs
102 1549 181 1606 mori
202 1546 280 1606 nolit
301 1549 333 1605 et
354 1547 457 1606 credit.
494 1547 560 1622 quis
583 1546 704 1622 habeat,
727 1544 849 1622 iudices,
872 1546 987 1606 dicendi
1009 1545 1119 1606 fidem?

102 1656 251 1696 venenum
273 1635 329 1694 filii
347 1636 426 1711 qnod
448 1637 603 1694 invenerat
621 1637 714 1711 pater,
737 1655 797 1694 non
814 1635 866 1693 ille
884 1637 986 1711 potius
1005 1636 1119 1711 effudit,

103 1727 190 1785 stetit
220 1725 292 1800 quin
321 1725 412 1784 immo
441 1724 621 1801 intrepidus,
651 1724 813 1801 adrogans,
844 1725 929 1784 iuxta
959 1725 1119 1790 orbitatem

103 1833 196 1891 quam
218 1813 352 1887 videbat,
379 1813 507 1872 etmihi
533 1815 659 1872 mortem
682 1833 772 1888 quam
794 1815 1002 1890 promiseram,
1027 1834 1119 1890 quarn

102 1904 250 1976 minabar,
272 1903 404 1979 ingessit.
451 1898 552 1977 ‘bibe’,
574 1891 680 1978 inquit.
727 1903 793 1978 quis
816 1903 974 1979 posthoc,
997 1904 1119 1981 iudices,

66 1995 255 2069 reexpectat,
283 1994 318 2049 ut
343 1991 483 2050 continuo
510 2010 633 2068 paream
657 1990 793 2050 iubenti?
837 1993 881 2051 ita
904 1993 1023 2052 demum
1044 1993 1119 2051 mihi

103 2102 165 2142 non
189 2084 235 2141 est
257 2079 339 2139 aliud
362 2082 507 2155 relictum,
530 2081 557 2139 si
578 2083 659 2156 patri
681 2081 776 2156 parui.

171 2171 284 2229 Audite
302 2188 388 2243 nunc,
411 2169 453 2227 dii
471 2171 585 2245 pariter
602 2172 693 2245 atque
711 2171 854 2243 homines,
878 2169 951 2244 quid
968 2172 1038 2245 post
1055 2173 1116 2230 tres
1136 2175 1154 2228 6

105 2259 308 2320 abdicationes
332 2262 363 2317 et
385 2259 519 2334 querelas
542 2259 651 2318 totiens
674 2259 806 2318 iudicum
829 2260 979 2336 gravitate
1001 2277 1119 2334 percus-

105 2368 154 2409 sas
172 2349 256 2408 velut
273 2350 428 2422 attonitus,
448 2364 548 2406 amens
570 2349 689 2407 nuntiet
713 2348 830 2406 saeculo
852 2351 947 2423 pater,
969 2347 1120 2424 parricida

69 2457 93 2498 11
105 2457 225 2514 saevus,
255 2437 406 2513 parricida
433 2437 568 2496 crudelis.
614 2456 674 2497 non
700 2437 762 2496 bibi
790 2455 943 2496 venenum.
988 2437 1044 2496 hoc
1074 2439 1120 2497 est

178 2658 342 2749 lprbuntis
354 2687 394 2745 Β;
412 2678 616 2748 praetereuntis
634 2687 656 2730 V
706 2665 900 2747 lgemitsiquc
915 2687 942 2730 Β
995 2677 1075 2746 3qui
1089 2677 1119 2731 id

110 2760 170 2819 ηις
190 2749 329 2818 quididd
383 2752 508 2804 tenerem
518 2762 552 2814 aa
606 2749 681 2818 quod
692 2749 737 2802 cui
746 2749 777 2802 id
787 2771 818 2818 c3
833 2749 909 2819 quod
920 2749 996 2802 cuia
1047 2747 1121 2803 6111-

105 2821 209 2876 borans
222 2830 261 2889 Β;
279 2819 441 2876 laborantes
459 2830 490 2890 η
508 2822 606 2891 ante}
619 2829 651 2873 M
703 2825 718 2872 ‘1
738 2820 872 2890 obstupui
886 2830 957 2887 Ββσ;
977 2819 1120 2890 obstipui}

105 2895 129 2964 (t
147 2895 196 2963 er.)
214 2901 247 2945 M
298 2894 438 2946 tacentem
457 2914 476 2945 a
530 2891 753 2962 Strepidatione
772 2893 846 2946 sicut
862 2901 915 2945 BV
984 2896 1017 2944 10
1035 2891 1120 2944 verba

106 2981 157 3019 om.
176 2974 198 3016 v
265 2965 361 3034 repete
378 2973 431 3017 BV
500 2969 531 3017 11
551 2965 676 3016 tenerem
694 2972 743 3016 VM
813 2969 846 3016 13
865 2963 1014 3016 veritatem
1032 2972 1053 3014 v

614 3036 694 3103 patre
713 3034 762 3103 qui

107 3113 142 3161 14
160 3107 364 3175 datezpateP
414 3121 512 3176 parem
530 3105 845 3172 udicandi-<fidenam
897 3110 930 3159 15
949 3103 1086 3158 noluitB

105 3177 245 3244 habetat,
263 3194 332 3233 corr.
347 3199 379 3231 m
433 3177 575 3232 dicentis
629 3175 763 3230 16111111
815 3195 883 3230 num
894 3185 956 3243 Βνς
974 3185 1088 3229 namn

106 3301 228 3358 effundit
246 3311 298 3354 BV
357 3308 390 3356 17
408 3302 536 3372 trepidus
553 3310 624 3355 Βῑέι4
683 3265 758 3374 irrita
775 3311 804 3355 Β
867 3305 899 3354 18
917 3301 1086 3370 promiserat
1103 3311 1125 3352 r

108 3380 141 3429 19
160 3372 335 3448 ingssessitfl
386 3373 452 3428 bibe
470 3391 504 3428 eac
517 3373 589 3426 bebe
603 3382 630 3425 Β
682 3374 760 3442 apud
777 3373 831 3426 hoc
845 3383 882 3440 1³3
901 3373 950 3442 qui
1003 3372 1082 3442 posci
1100 3381 1121 3424 s

107 3451 143 3500 20
162 3445 292 3514 expectat
309 3454 344 3514 Β,
363 3463 376 3499 s
394 3456 502 3515 cupas
565 3449 599 3498 24
619 3444 763 3499 adtonitus
781 3454 809 3497 Β
861 3443 1003 3514 parricida
1021 3459 1120 3498 saevus

106 3525 234 3574 oram
302 3522 336 3570 25
355 3519 509 3572 catomis

163 3616 320 3665 ovarimus
329 3626 536 3662 nummariam
551 3618 587 3663 ad.
602 3619 744 3664 Lehnert.
946 3609 988 3658 ‘m
