2408 3840
131 186 222 240 XVIII
532 187 747 242 PRAEFATIO.

132 357 245 414 tionem
269 356 454 431 formamque
473 356 718 432 perspiciendam,
743 375 778 415 ea
800 356 889 415 laude
911 355 1072 415 fraudandi
1094 376 1156 415 non

134 447 204 504 sunt
227 444 306 520 quod
331 463 406 519 quae
430 447 615 520 invenerant,
642 445 727 503 nulla
754 445 941 504 coniectandi
962 445 1087 504 libidine
1110 446 1156 503 in-

134 535 221 592 citati
251 553 312 592 non
335 533 573 609 depravaverunt
597 537 626 593 et
650 553 684 591 ea
717 553 793 610 quae
824 535 1001 610 exemplaris
1031 536 1157 610 propria

133 627 230 697 erant,
254 642 322 681 raro
345 623 533 682 deterserunt
561 626 650 699 atque
676 624 858 683 deleverunt.
899 624 974 697 iarn,
1002 626 1037 682 ut
1059 623 1154 682 mani-

133 713 209 770 festo
233 711 427 789 intellegatur
444 715 524 771 recte
547 713 712 771 iudicatum
731 732 793 772 esse
817 712 852 771 de
876 713 1009 771 familiae
1033 735 1052 771 α
1075 712 1155 771 codi-

134 801 216 860 cibus
239 801 316 860 hanc
336 801 464 861 adiciam
486 801 621 861 tabulam
645 803 814 878 excerptam
837 821 872 861 ex
895 803 999 878 primis
1017 803 1155 879 pagellis

133 1053 161 1109 p.
182 1035 212 1106 4,
232 1034 250 1090 2
274 1025 556 1114 probaveritis1)
592 1033 841 1108 probaveritis
887 1034 1059 1109 probaverit

145 1166 164 1199 „
188 1123 217 1195 4,
238 1123 256 1179 5
281 1123 368 1179 errant
593 1124 680 1180 erunt
887 1126 990 1181 erant

146 1255 162 1285 „
188 1212 277 1285 4,12
303 1213 471 1269 acraessent
592 1214 761 1271 acraessent
887 1217 967 1271 acta
991 1215 1113 1272 essent

143 1344 160 1374 „
185 1301 274 1373 4,17
299 1299 431 1467 misepim
447 1291 565 1380 (mise-
592 1302 752 1359 miserrimi
886 1302 1046 1361 miserrimi

298 1407 370 1445 r1n1

144 1523 161 1554 „
186 1480 214 1551 7,
235 1478 253 1534 5
278 1480 417 1552 suscepta
592 1481 763 1553 suspecta
886 1480 1024 1554 suscepta

144 1612 161 1641 „
185 1567 214 1641 8,
235 1567 253 1624 3
279 1566 438 1625 discedit
592 1566 745 1626 descendit
888 1567 1045 1626 discedit

144 1701 160 1731 „
186 1657 215 1729 8,
235 1658 274 1713 21
301 1655 451 1715 blandiori
592 1656 755 1716 blandiri
886 1657 1050 1716 blandiri

146 1789 162 1820 „
187 1746 277 1820 aar
302 1745 386 1802 invia
536 1738 538 1741 ’
593 1746 652 1804 via
886 1747 946 1805 via

144 1878 160 1907 „
186 1835 215 1907 9,
236 1835 277 1891 14
301 1833 412 1910 gradm
593 1834 706 1911 gradu
887 1835 996 1913 gradus

145 1968 162 1997 „
188 1926 275 1997 11,1
302 1923 401 1982 dicens
426 1915 551 2002 (dices)
592 1924 666 1982 dicis
887 1925 986 1984 dicens

145 2056 161 2085 „
188 2005 565 2094 14,10telocupat(te·
592 2014 652 2071 telo
677 2016 805 2088 occupat
887 2016 1014 2089 occupat

313 2093 563 2182 lumoccupat)

144 2234 160 2264 „
187 2191 236 2264 14,
258 2191 297 2247 15
322 2188 354 2246 id
376 2190 522 2249 mittendo
592 2191 777 2250 admittendo
885 2194 921 2250 in
935 2191 1155 2250 admittendo

147 2323 163 2352 „
189 2279 403 2354 15,141unc
427 2272 521 2360 (huc)
591 2280 660 2340 hinc
886 2281 956 2340 huic

332 2371 358 2400 00

145 2465 162 2494 „
188 2422 276 2494 16,6
302 2422 492 2481 conlorare
593 2421 756 2482 colorare
887 2424 1071 2499 complorare

144 2556 161 2585 „
187 2511 237 2585 18,
257 2512 300 2569 20
324 2511 564 2571 exheredatus
592 2512 831 2571 exheredatus
886 2513 1044 2571 heredatus

144 2645 160 2674 „
188 2600 238 2673 18,
259 2594 301 2657 24
325 2601 424 2676 gravis
592 2602 692 2677 gravis
887 2604 1035 2680 gravius

145 2689 335 2764 „19,2at
593 2692 630 2748 at
887 2694 984 2752 omisit

145 2822 161 2850 „
187 2778 277 2851 21,4
302 2779 415 2853 aperire
592 2778 757 2854 deperire
886 2783 984 2857 perire

146 2911 162 2940 „
188 2867 238 2941 23,
255 2866 295 2924 28
320 2867 485 2926 infamatur
530 2886 565 2927 ac
592 2869 758 2928 infamatur
781 2887 815 2928 ac
887 2872 990 2929 orabit.

311 2947 564 3039 (infamatura)

204 3098 280 3155 Tum
304 3099 421 3158 saeculo
440 3099 499 3158 XII
520 3101 642 3158 ineunte
660 3100 709 3158 vel
732 3108 810 3159 certe
834 3119 893 3159 non
912 3103 980 3177 post
1002 3101 1059 3159 hoc
1081 3103 1157 3160 tem-

136 3205 192 3262 pus
206 3187 295 3246 horno
310 3188 432 3263 quidam
447 3189 551 3248 doctus
566 3189 639 3248 duas
654 3188 722 3247 illas
736 3189 868 3248 familias
883 3193 1020 3249 accurate
1034 3190 1114 3248 inter
1125 3209 1156 3249 se

137 3276 267 3335 contulit
284 3276 485 3353 lectionesque
509 3278 641 3336 familiae
660 3277 680 3356 β
699 3297 772 3353 quas
791 3278 979 3355 probaverat,
1002 3279 1040 3338 ad
1060 3299 1156 3338 exem·

138 3366 204 3442 plar
235 3385 320 3425 suum
351 3366 430 3441 quod
460 3386 495 3425 ex
525 3366 751 3444 Bambergensis
781 3387 840 3426 nou
871 3367 1011 3427 Vossiani
1039 3369 1159 3428 familia

195 3555 226 3617 1)
242 3552 353 3606 licterr's
373 3553 500 3610 diductis
519 3554 644 3626 genuina
657 3553 742 3609 lectio
761 3554 944 3625 significatur.
