2408 3840
136 154 179 219 52
486 152 593 208 mnus
612 150 802 206 nnnmnxs

136 325 189 380 aut
211 323 243 379 in
266 340 300 380 eo
323 321 429 380 saltem
452 323 533 380 statu
555 322 723 397 respublica
745 323 798 395 est,
821 323 856 379 ut
875 320 914 380 ad
931 322 1144 381 restituendam

137 430 202 469 eam
225 412 298 469 setis
322 412 362 469 sit
383 410 494 469 milites
517 411 672 486 inpudicos
695 430 754 470 non
778 428 848 470 esse.

85 501 123 555 13
203 499 271 558 Non
294 499 330 557 de
352 499 529 574 prolatando
552 499 610 557 tibi
631 501 757 575 imperio
780 517 826 558 res
850 501 903 573 est,
926 517 981 558 nac
1001 503 1144 560 transma-

136 589 226 662 rinae,
248 590 283 645 ut
301 608 404 663 nuper,
427 590 597 664 provincias
615 590 759 664 petimus:
782 588 818 646 de
836 587 944 647 Italiae
962 591 1145 664 possessione

91 736 92 743 ,
136 680 276 751 certatur,
308 696 362 753 pro
393 679 452 736 aris
484 678 615 753 focisque
646 679 845 752 constitimus,
876 696 916 735 an
944 677 1019 737 haec
1049 680 1175 737 omnies

64 768 89 859 χ’
136 767 201 843 igni
227 767 364 843 ferroque
391 769 553 840 vastentur,
582 787 620 824 an
647 767 732 825 nobis
762 769 852 842 caput
879 766 1027 826 barbarus
1055 767 1144 827 hostis

137 855 262 929 excidat,
285 875 324 912 an
343 854 488 914 Cimbrice
506 855 687 931 loquendum
709 857 756 914 sit.
794 857 858 914 vita
881 857 1014 914 omnium
1034 860 1144 916 nostro·

136 965 202 1002 rum
226 947 255 1003 ct
278 944 358 1003 salus
381 977 425 985 —
447 962 575 1021 namque
599 945 739 1003 aliudne
762 944 815 1004 sub
838 945 923 1004 hoste
947 945 1069 1021 quidem
1091 946 1145 1005 viri

136 1035 274 1092 timemus
294 1066 336 1073 —
355 1035 387 1091 in
409 1034 549 1091 ultimum
572 1033 728 1092 discrimen
748 1033 913 1092 adducitur.
949 1035 1072 1093 influxit
1088 1035 1145 1094 Ita·

136 1123 196 1181 liae
217 1122 355 1180 inaudita
378 1123 541 1182 multitudo
564 1141 656 1198 quam
678 1140 714 1180 ne
739 1141 773 1181 ea
797 1123 917 1198 quidem
939 1125 1175 1198 potuitsueti·1c

137 1229 206 1269 nere
234 1214 316 1270 terra
343 1229 419 1287 quae
446 1213 562 1288 genuit,
594 1213 740 1270 inusitata
772 1230 928 1287 corporum
959 1213 1144 1290 magnitudo,

137 1319 234 1359 mores
262 1301 352 1358 etiam
376 1298 530 1359 Germanis
557 1302 621 1359 feri.
668 1304 767 1378 strage
789 1302 958 1360 nostrorum
984 1303 1084 1378 campi
1106 1302 1144 1360 la·

137 1391 210 1447 tent.
246 1390 308 1446 iam
330 1390 504 1465 fugatorum
528 1388 670 1449 Carbonis
694 1392 784 1465 atque
804 1389 900 1448 Silam
922 1390 976 1448 sub
996 1408 1145 1468 compara·

137 1479 219 1536 tione
242 1479 313 1536 felix
335 1480 445 1536 militia
468 1482 520 1538 est.
557 1481 636 1538 iacet
658 1481 727 1554 post
750 1480 892 1537 amissum
915 1478 1045 1539 Scaurus
1070 1499 1146 1539 exer-

138 1568 237 1625 citum.
285 1565 393 1625 Servili
415 1567 581 1643 Manliique
607 1568 679 1626 bina
702 1587 768 1626 oum
790 1571 838 1626 tot
860 1567 1028 1646 legionibus
1052 1573 1180 1629 menan

137 1655 327 1731 perdidimus.
366 1675 436 1733 gens
455 1658 597 1715 maiorem
620 1660 768 1716 terrarum
790 1659 906 1732 partem
925 1658 1060 1717 victoriis
1084 1677 1148 1734 per·

137 1746 249 1821 vagata
277 1747 396 1802 tantum
424 1746 456 1801 in
483 1746 578 1804 Mario
609 1746 700 1804 stetit.
745 1744 873 1805 libenter
902 1748 946 1820 te,
976 1749 1148 1822 imperator,

137 1835 302 1910 interrogo,
329 1834 362 1890 in
384 1833 439 1892 hoc
461 1854 559 1893 rerum
582 1836 665 1892 statu
686 1834 762 1893 tales
785 1835 896 1894 milites
918 1835 1028 1893 habere
1052 1836 1149 1910 malis,

138 1941 177 1980 an
200 1921 276 1980 tales
298 1921 455 1980 tribunos?
499 1923 531 1980 in
554 1925 639 1981 tanto
662 1923 734 1981 belli
757 1923 905 1998 discursu,
932 1943 970 1982 ne
993 1942 1149 1984 concessae

139 2010 259 2086 quidem
294 2010 394 2069 veneri
431 2010 533 2069 darem
567 2014 693 2070 veniam.
739 2031 809 2070 nam
846 2032 904 2089 quo
937 2012 976 2071 ad
1012 2013 1187 2075 altioremrc

138 2100 263 2175 quisque
285 2101 430 2158 honorum
453 2101 578 2176 gradum
603 2101 779 2176 extenditur,
807 2102 902 2178 magis
924 2103 956 2159 in
982 2103 1152 2178 exemplum

139 2189 342 2264 spectantibus
360 2191 451 2264 patet.
490 2207 556 2246 cum
575 2191 628 2247 alii
646 2189 791 2248 excubent
809 2191 926 2264 armati,
946 2191 1000 2248 alii
1017 2191 1152 2250 claustra

138 2281 293 2353 portarum
311 2281 460 2351 tueantur,
484 2279 538 2335 alii
555 2279 668 2336 vallum
687 2280 840 2355 fossasque
859 2281 949 2338 scutis
968 2281 1065 2338 innixi
1090 2282 1152 2340 oin·

139 2369 220 2444 gant,
245 2366 342 2425 cibum
364 2369 464 2442 ipsum
486 2369 599 2426 stantes
628 2369 761 2443 capiant,
788 2368 925 2427 tribunus
948 2368 1027 2427 inter
1050 2374 1153 2429 scorta

138 2454 343 2514 volutabitur?
367 2460 396 2513 et
418 2458 472 2514 has
491 2457 568 2514 solas
587 2457 707 2532 vigilias
727 2455 815 2534 aget?
835 2476 869 2515 ac
887 2477 924 2516 ne
941 2458 1008 2516 ideo
1027 2458 1153 2533 quidem
1168 2481 1187 2520 ss

212 2595 283 2641 iau
296 2598 330 2653 Β,
345 2600 441 2643 corat
477 2589 662 2658 respublica:
677 2590 934 2664 respt‡B;ccrr.b
970 2593 1014 2645 ut:
1029 2594 1109 2658 et113
1125 2597 1156 2647 et-

139 2698 172 2748 ut
186 2705 218 2746 ,Ι
266 2661 432 2748 nsillmsslb
445 2705 479 2762 Β,
498 2707 607 2765 supro
653 2699 811 2751 5certatus
829 2707 851 2749 V
892 2662 931 2751 dn
950 2697 978 2767 (h
996 2702 1113 2769 scopu)
1128 2710 1158 2754 Β

139 2767 217 2835 olgi
234 2775 268 2831 Β,
287 2777 388 2820 corno
441 2766 515 2820 ferro
534 2768 684 2836 igniques
738 2769 897 2822 ‘lexcidatz
917 2769 927 2820 i
945 2786 978 2823 ca
995 2781 1099 2824 eorm

140 2837 243 2891 cibrice
258 2847 309 2891 BV
358 2840 526 2891 nostrorum:
546 2842 676 2921 nostrum
691 2849 738 2893 Ms·
791 2839 998 2907 8saluset11,
1020 2842 1156 2897 etdel.o

141 2948 156 2996 e
177 2944 307 2996 acuerem
320 2954 354 3010 n,
374 2945 392 2996 e
410 2955 518 3013 sepes
578 2951 609 2999 11
630 2929 741 2999 inlecta
759 2956 797 3012 Β,
817 2946 963 3000 invisitata
982 2947 1100 3002 Mezen

142 3020 174 3067 12
189 3014 286 3068 latent.
303 3016 371 3068 iam:
386 3015 481 3069 latcnc
495 3017 553 3069 iam
565 3026 601 3083 Β,
615 3035 682 3074 corr.
694 3028 723 3082 ὸς
742 3017 888 3070 latendam
901 3027 922 3069 V
956 3022 988 3072 13
1003 3016 1104 3102 silanis
1113 3029 1155 3086 Β,

142 3138 302 3204 sillanisM3
322 3139 446 3204 sillanis
486 3146 520 3192 14
535 3142 703 3194 excercitum
713 3151 751 3208 Β,
770 3142 908 3195 exercitiis
923 3151 955 3195 Μ
994 3148 1026 3196 16
1040 3109 1158 3215 bdnsn

142 3213 326 3263 letaniarum
340 3229 373 3265 cx
387 3214 557 3264 terroremB
599 3217 632 3265 17
651 3213 787 3266 manices
800 3213 932 3266 marian
971 3218 1004 3266 19
1019 3230 1156 3270 concessa

141 3291 198 3349 BV,
212 3293 311 3336 corno
348 3288 381 3336 20
401 3283 508 3336 darem:
525 3282 591 3336 dare
602 3293 638 3348 Β,
654 3284 738 3338 debes
753 3283 797 3337 vel
811 3284 908 3338 darem
920 3301 996 3353 supr.
1006 3306 1050 3351 ηις
1071 3286 1156 3341 dares

140 3365 179 3414 γα
235 3359 266 3406 21
286 3353 422 3408 bonorum
435 3362 485 3407 Vn!
537 3354 696 3408 extenditur
710 3364 743 3408 Β
758 3357 907 3410 Parisinus
921 3360 1006 3421 16183
1026 3359 1157 3412 extendit

141 3459 240 3528 reliqui
312 3466 344 3512 22
364 3444 594 3529 spectdtibus133
614 3462 829 3530 expectantibus
847 3472 869 3514 V
931 3462 1103 3518 excubante

138 3536 175 3582 23
194 3531 324 3599 οἱῃξὲειηί
344 3541 373 3584 Β
417 3538 450 3586 25
470 3531 663 3602 voluptabitur
680 3543 704 3586 .1
748 3549 778 3586 as
797 3543 831 3600 Β,
850 3544 950 3589 cerac
992 3550 1041 3588 ne:
1060 3551 1115 3590 nec
1132 3547 1160 3590 Ι
