2408 3840
145 169 208 232 116
469 165 645 222 CORPORIS
663 165 830 222 PROIEG'l'I
860 156 865 169 ’

140 339 244 395 tamen
277 335 389 395 omnia:
421 340 452 395 et
479 354 548 394 oum
578 336 717 396 adsiduos
748 334 886 412 planctus
912 339 943 395 et
971 335 1153 410 inrequietus

141 424 256 483 diceret
272 426 420 501 lacrimas,
438 424 599 484 adiciebat:
623 419 696 485 ‘iam
712 443 807 502 paene
825 443 912 484 caeca
930 426 983 484 est.
1019 425 1154 498 fortasse,

141 515 168 572 si
190 514 325 588 redieris,
347 513 469 573 videbit
506 515 538 572 in
561 533 690 573 summa:
712 532 772 573 non
794 513 905 573 recedo.
942 514 989 573 fas
1011 516 1059 573 est
1081 513 1154 572 mihi

141 603 235 662 etiam
256 603 361 662 invitis
384 602 557 679 parentibus
579 605 628 680 pie
650 605 755 662 lacere.
800 621 860 662 non
881 600 994 662 recedo.
1039 603 1068 662 si
1089 621 1154 679 per-

141 709 273 766 severas,
301 692 403 750 demus
425 693 532 768 piratis
560 693 683 751 lucrum.
729 694 783 751 aut
804 693 933 751 vicarius
956 709 1007 751 ero
1028 694 1086 750 aut
1107 710 1153 751 co·
1178 711 1188 752 e

139 777 222 839 mea'
266 782 412 856 quantum
433 782 512 840 inter
533 780 606 840 haec
628 779 734 840 flevit?
757 779 899 856 quamdiu
921 780 1029 841 cecidit
1053 781 1153 840 oculos

141 868 230 929 suos?
266 871 552 946 siperseverassem,
575 869 648 930 duos
667 888 900 929 excaecaveram.
936 869 1154 946 obstupuerunt

140 961 252 1035 pietate
275 961 362 1017 tanta
380 959 471 1018 etiam
493 959 634 1033 latrones,
657 962 687 1018 et
704 979 757 1035 per
777 958 944 1018 immobiles
961 960 1032 1018 ante
1051 959 1153 1018 rrrlhu

140 1048 227 1107 fletus
251 1049 388 1106 cucurrit.
434 1067 494 1106 non
516 1048 682 1107 tenuissent
704 1049 831 1107 fortasse
853 1049 1003 1121 iuvenem,
1024 1047 1088 1107 nisi
1108 1067 1153 1107 re·

140 1135 311 1213 dempturos
333 1139 472 1212 parentes
494 1137 588 1195 talem
613 1137 710 1195 filium
732 1135 933 1196 credidissent
976 1137 1098 1213 ipsein
1120 1155 1188 1197 seu

139 1226 296 1284 transtulit
326 1226 437 1284 ferreos
469 1244 574 1301 nexus,
606 1229 637 1285 et
668 1226 793 1284 hilarior
824 1225 967 1304 alligatus
994 1227 1041 1285 ost
1071 1225 1152 1284 filius

140 1333 231 1388 quam
253 1314 369 1374 solutus
389 1316 434 1373 est
455 1317 549 1389 pater.
586 1332 756 1392 supremum
773 1317 874 1374 tamen
892 1316 980 1373 et-
993 1315 1094 1374 nefssl
1108 1345 1154 1355 -

140 1402 171 1460 in
200 1405 352 1461 aeternum
378 1423 425 1462 me
452 1405 514 1461 iam
541 1404 686 1463 catenatis
713 1403 850 1463 manibus
876 1403 1043 1479 amplexus,
1069 1406 1152 1480 post-

141 1511 231 1567 quam
248 1492 307 1550 mei
325 1510 396 1550 eura
414 1492 598 1567 discesserat,
616 1488 775 1567 ‘matrem’,
794 1492 901 1568 inquit,
920 1487 989 1550 ‘tibi
1005 1512 1061 1568 per
1078 1494 1152 1552 haec

140 1580 248 1638 merita
270 1581 450 1640 commendo.
495 1584 530 1640 tu
552 1581 638 1640 illam
659 1584 755 1656 tuere,
778 1581 915 1656 defende,
938 1599 1019 1656 ama,
1047 1601 1087 1641 ne
1106 1601 1152 1641 re-
1166 1600 1190 1642 re

141 1669 249 1745 linque.
296 1671 338 1728 sic
364 1672 449 1745 paria
476 1670 626 1730 faciemus.
671 1671 735 1731 illic
761 1673 796 1729 tu
823 1671 881 1730 eris
903 1670 1032 1730 vicatim
1060 1688 1154 1745 meus,

141 1759 168 1817 si
189 1758 263 1816 haec
289 1759 400 1817 feceris.
446 1779 506 1818 non
531 1761 677 1819 irascetur
702 1760 778 1818 mihi
804 1760 929 1819 fortasse
951 1761 1050 1819 mator
1073 1759 1153 1836 quod

108 1847 122 1900 7
143 1846 180 1904 ab
207 1847 262 1904 illa
288 1842 415 1906 recessi?
461 1849 504 1907 sic
530 1849 563 1906 in
584 1848 686 1907 navim
707 1848 764 1907 filii
784 1848 844 1907 moi
866 1848 942 1907 male
965 1851 1153 1926 permutatus

141 1937 250 2009 vector,
277 1937 414 2011 imponor
436 1939 466 1995 et
489 1955 548 2012 qua
570 1939 668 1996 visum
690 1937 769 1997 oculi
791 1937 949 2012 dederunt,
977 1937 1016 1996 ad
1038 1938 1153 2014 piratas

141 2039 157 2082 e
184 2043 283 2100 puppe
310 2028 480 2100 prospecto,
509 2044 599 2085 curra
626 2026 716 2084 litora
743 2028 774 2085 et
800 2027 977 2086 immensum
1005 2026 1189 2087 sideribusss

141 2113 251 2171 fretum
274 2115 305 2171 et
326 2115 450 2173 turritos
477 2114 596 2172 urbium
623 2116 758 2191 scopulos
783 2118 863 2175 retro
890 2116 965 2192 lego.
1010 2118 1153 2176 miserum

140 2222 196 2275 me,
219 2203 363 2277 quamdiu
387 2222 404 2260 a
426 2203 534 2279 piratis
557 2204 648 2262 etiam
670 2202 851 2282 navigatur?
886 2203 1030 2263 mandata
1052 2206 1153 2264 tamen

141 2293 208 2365 tua,
235 2291 291 2367 fili,
319 2310 443 2368 perago,
470 2292 581 2367 assido,
608 2295 751 2352 sustento.
794 2294 885 2351 immo
913 2293 1097 2354 mehercules
1117 2297 1153 2353 tu

143 2380 268 2454 assides,
290 2379 347 2452 fili,
372 2382 407 2437 tu
430 2383 571 2455 sustines,
599 2384 721 2458 propter
743 2401 831 2458 quern
853 2381 928 2440 mihi
950 2381 1043 2440 etiarn
1065 2384 1153 2442 huius

142 2469 316 2543 propensior
339 2488 409 2527 cura
432 2467 495 2527 ests
529 2471 601 2528 dum
622 2471 756 2530 recedere
779 2471 816 2530 ab
839 2489 929 2530 uxore
952 2471 1037 2546 nolo,
1059 2471 1187 2531 filiumss

143 2576 202 2615 non
220 2557 338 2617 redemi
376 2560 408 2616 at
430 2559 518 2617 illum
539 2560 660 2618 interim
683 2559 791 2619 cotidie
813 2561 888 2619 situs
909 2560 1035 2619 carceris
1059 2563 1152 2621 stran

143 2647 238 2722 gulat,
260 2646 394 2706 insidunt
413 2649 528 2707 ossibus
551 2651 683 2723 catenae,
706 2649 873 2724 exemplum
890 2648 1001 2708 saecrffi
1020 2648 1054 2707 in
1074 2669 1152 2728 myo

142 2752 254 2810 parone
276 2736 411 2795 moritur.
447 2740 552 2810 mater,
574 2738 635 2796 iam
654 2738 726 2796 satis
744 2740 797 2812 est,
820 2737 910 2796 habes
933 2756 1045 2813 poenas
1066 2757 1152 2816 super

142 2823 247 2900 legem.
292 2825 465 2900 sepelissent
492 2826 584 2885 talem
610 2826 708 2884 virum
735 2826 826 2884 etiam
852 2827 911 2902 ipsi
937 2827 1070 2903 piratae,
1097 2828 1153 2887 nisi

144 2931 193 2972 eos
230 2913 409 2972 conscientia
443 2915 587 2974 scelerum
617 2917 772 2991 metusque
808 2933 971 2990 poenarum
1003 2915 1042 2974 ab
1076 2916 1185 2976 ornnisr

217 3195 231 3241 1
251 3171 392 3257 inredetas
410 3198 438 3242 B
500 3197 516 3243 6
536 3189 634 3244 oicidit
650 3199 678 3243 Β
739 3195 754 3242 9
774 3191 966 3260 redempturos
984 3210 1019 3249 ea
1036 3210 1112 3249 -ores
1128 3202 1155 3247 Ι

147 3265 179 3313 12
198 3277 295 3329 quam:
315 3261 391 3330 quod
409 3271 436 3313 Ρ
507 3267 540 3316 13
559 3261 708 3315 catenatis:
728 3261 835 3316 catenis
848 3271 887 3329 B,
905 3263 937 3315 in
954 3264 1083 3321 cathenis
1101 3264 1152 3336 (rel

145 3331 175 3384 in
194 3331 352 3385 cathenatis
368 3334 410 3401 m)
430 3341 462 3385 rr
514 3337 547 3384 17
565 3332 696 3386 uescitur
718 3343 739 3384 V
794 3338 826 3387 18
845 3349 945 3387 narem
962 3356 986 3387 a
999 3342 1113 3405 prodor
1127 3344 1154 3389 1

146 3407 180 3455 20
199 3419 283 3456 curva
296 3402 393 3457 litora:
409 3405 576 3457 curvantora
588 3412 640 3456 BV
689 3404 867 3458 immensum:
881 3420 1041 3461 remeusum
1054 3408 1151 3463 Axe*

144 3474 215 3539 siam
239 3490 380 3527 emensum
398 3474 458 3529 sch.
549 3480 582 3527 23
602 3473 711 3528 assideo
731 3487 748 3528 s
836 3481 869 3529 26
890 3476 1051 3546 transgulat
1067 3488 1089 3531 V

144 3548 179 3595 27
196 3544 227 3597 in
245 3561 416 3615 myoparone
434 3563 484 3601 om.
504 3556 526 3599 s*
539 3548 571 3600 la
590 3546 703 3612 loouao3
721 3545 752 3599 in
769 3562 831 3601 meo
850 3551 969 3616 patrono
988 3557 1022 3603 Ι
