2408 3840
474 112 695 168 PRAEFATIO.
1054 113 1094 168 XI

72 287 204 344 usitatis.
245 283 363 343 litterae
386 283 518 342 initiales
542 284 572 341 et
594 283 684 342 rubro
709 286 739 342 et
761 283 851 342 viridi
874 272 971 342 colore
994 283 1093 358 pictae

73 376 151 434 sunt.
189 392 266 450 quae
284 372 346 430 iam
364 375 537 448 sequuntur,
556 373 611 431 hoc
633 372 699 431 loco
717 391 889 432 enumerare
908 372 1093 447 supersedeo,

73 483 142 523 cum
166 482 202 522 ea
224 464 329 539 postea
356 462 474 520 demum
502 480 569 519 cum
592 460 916 530 Pseudo-Quintiliano
944 481 1038 520 unum
1060 460 1093 519 in

72 555 213 613 volumen
241 551 398 610 coniuncta
426 542 523 630 siut.¹)
569 549 801 610 declamationes
828 570 933 610 manus
962 550 1092 610 eiusdem

70 643 183 701 aetatis
214 643 349 699 correxit.
391 640 547 715 quinquies
577 640 625 699 vel
648 640 741 699 sexies
772 641 889 699 saeculo
912 640 968 698 XV
990 641 1093 699 variae

71 733 216 791 lectiones
239 730 359 789 additae
383 734 460 788 sunt.

142 819 312 879 Seldensem
332 822 432 877 autem
451 838 487 876 ex
504 819 652 878 Vossiano
676 838 766 894 quam
786 818 1005 879 accuratissime
1029 836 1092 877 esse

72 909 258 985 descriptum
271 910 374 968 multis
385 910 533 967 evincitur
542 909 732 985 argumentis.
761 927 785 966 e.
795 929 823 986 g.
834 907 1012 966 declamatio
1021 907 1092 964 XIX

71 999 185 1057 eisdem
214 998 312 1057 verbis
342 998 452 1056 desiuit
479 1000 568 1073 atque
596 1000 627 1055 in
651 997 806 1056 Vossiano.
849 1015 915 1055 cum
945 995 1092 1054 declama·

72 1090 155 1147 tione
177 1087 222 1145 IV
244 1087 330 1145 finita
359 1085 548 1145 membranae
575 1105 645 1161 pars
668 1086 771 1145 infima
798 1089 921 1161 propter
949 1085 1092 1143 materiae

71 1177 223 1236 maculam
244 1178 277 1234 in
296 1175 442 1235 Vossiano
461 1176 570 1234 litteris
590 1195 650 1234 non
673 1176 791 1251 expleta
815 1177 863 1250 sit,
886 1177 960 1234 item
977 1176 1010 1232 in
1030 1173 1091 1232 Sel-

72 1266 158 1325 densi
180 1266 298 1340 reliqua
325 1266 454 1341 paginae
483 1285 552 1341 pars
576 1283 671 1323 vacua
699 1267 752 1323 est.
794 1265 916 1324 titulum
945 1264 1092 1323 declama-

70 1356 165 1415 tionis
183 1354 228 1412 VI
245 1355 368 1431 praebet
385 1357 510 1430 uterque
529 1354 620 1414 codex
638 1355 694 1412 hac
713 1354 822 1412 forma:
840 1356 907 1429 ipsa
927 1359 1093 1412 calmacus

70 1463 104 1504 cc
230 1462 267 1503 ce.
308 1445 386 1502 inter
409 1446 618 1522 argumentum
645 1442 870 1502 declamationis
893 1443 954 1500 VH
976 1445 1007 1501 et
1029 1445 1091 1500 tex-

69 1537 138 1593 tum
157 1535 281 1609 uterque
296 1532 412 1591 addidit
426 1550 507 1606 opas.
545 1532 688 1591 accedunt
703 1533 823 1590 eaedem
836 1533 969 1607 lacunae,
989 1531 1093 1590 eadem

71 1622 157 1681 vitia.
212 1623 386 1698 plerumque
424 1641 499 1697 quae
533 1621 680 1681 Seldensis
716 1621 839 1697 propria
874 1623 997 1697 peccata
1029 1639 1092 1680 esse

71 1711 213 1771 videntur
243 1712 385 1770 facillime
418 1731 452 1770 ex
481 1711 658 1770 lectionibus
687 1710 828 1770 Vossiani
859 1729 1016 1786 perperam
1047 1711 1091 1768 in-

71 1801 202 1860 tellectis
225 1801 419 1875 explicantur.

140 1891 207 1948 Iam
233 1893 420 1949 transeamus
450 1890 488 1948 ad
518 1889 875 1965 Montepessulanum
905 1889 935 1947 H
963 1890 1025 1947 926
1058 1909 1093 1947 ex

71 1979 255 2038 bibliotheca
278 1979 395 2038 scholae
418 1979 549 2037 medicae
570 1970 666 2060 (ΗΥ)
685 1979 797 2037 saeculi
819 1978 977 2058 msam,
1000 1997 1091 2037 mem·

72 2069 260 2142 branaceum‚
284 2069 397 2126 formae
417 2069 633 2144 quaternariae,
652 2068 793 2126 foliorum
813 2070 864 2141 90,
882 2087 1022 2127 versuum
1041 2070 1091 2127 35.

72 2156 190 2233 primae
217 2157 467 2216 declamationum
494 2158 613 2216 litterae
636 2158 733 2217 colore
762 2159 896 2216 caeruleo
927 2160 980 2216 aut
1001 2157 1092 2215 rubro

70 2248 174 2322 pictae
197 2249 274 2304 sunt.
316 2246 446 2306 codicem
470 2246 507 2304 ab
531 2265 592 2304 una
614 2265 706 2305 manu
729 2248 874 2322 scriptum
898 2246 993 2305 altera
1016 2247 1092 2305 eius-

72 2335 142 2394 dem
166 2336 274 2394 aetatis
293 2337 427 2409 correxit,
452 2354 528 2410 quae
550 2335 659 2395 menda
676 2334 793 2400 librarii
816 2338 953 2394 accurate
976 2354 1092 2394 emacu-

72 2425 163 2497 lavia
193 2444 248 2500 pro
276 2424 431 2499 scripturis
459 2443 475 2482 e
505 2443 638 2484 sermone
665 2424 785 2501 vulgari
815 2425 996 2500 depromptis
1020 2443 1043 2481 e.
1063 2443 1091 2500 g.

72 2515 188 2587 inquid
206 2515 426 2582 calamitatium,
444 2531 556 2572 soccus
570 2512 618 2587 (=
632 2510 776 2590 samaras),
794 2515 928 2572 duanam
947 2512 995 2587 (=
1009 2514 1092 2571 clam·

72 2602 170 2676 nam),
194 2605 362 2672 ammirari,
384 2604 465 2676 facta
488 2601 537 2676 (=
555 2601 634 2677 fata)
658 2602 802 2682 genuinas
825 2603 970 2676 restituit,
1001 2621 1092 2660 enun-

72 2692 152 2750 tiata
175 2691 324 2767 distinxit,
347 2691 446 2750 varias
471 2693 599 2752 aliorum
626 2691 771 2750 librorum
796 2691 951 2766 lectiones,
979 2694 1092 2751 coniec-

72 2785 171 2855 turas,
196 2782 406 2856 explicationes
436 2783 468 2838 in
495 2782 630 2860 margine
658 2780 774 2840 adiecit.
815 2781 1093 2857 Montepessulanus

72 2875 144 2948 post
162 2871 409 2929 declamationem
426 2869 474 2928 fl]
496 2870 619 2945 praebet
643 2871 862 2929 accusationem
880 2870 985 2930 militis
1008 2870 1093 2928 illam

74 2979 166 3035 quam
195 2958 315 3038 ignotus
346 2959 467 3034 quidam
497 2962 601 3018 auctor
630 2959 727 3017 medio
752 2978 824 3018 aevo
855 2959 1022 3034 composuit
1049 2959 1092 3017 in-

73 3051 231 3125 scriptam:
261 3050 396 3107 tribauus
420 3050 585 3107 Marianus
613 3047 750 3124 apposito
777 3050 879 3107 tamen
906 3049 991 3126 signo
1015 3050 1093 3106 anti-

73 3139 184 3217 graphi
207 3129 271 3218 (ψ)
316 3138 413 3213 primo
441 3139 515 3197 folio
545 3138 668 3215 legitur:
703 3137 878 3211 Quintiliani
907 3138 1093 3197 decausis

149 3346 174 3413 1)
194 3343 228 3397 cf.
243 3342 372 3414 Catalogi
390 3343 527 3397 librorum
540 3343 795 3412 manuscriptorum
809 3343 929 3412 Angliae
948 3346 976 3397 et
994 3343 1093 3396 Hiber·

71 3415 148 3482 niae,
168 3415 291 3470 Oxoniac
311 3420 379 3468 1697
399 3416 420 3483 Ι,
439 3433 467 3484 p.
484 3421 534 3470 162
554 3414 606 3469 sub
624 3414 672 3468 Νι.
689 3419 766 3468 3350.

148 3489 174 3557 2)
194 3486 228 3541 cf.
248 3486 429 3555 Dessauer,
447 3505 475 3557 p.
493 3493 534 3541 14.
