2408 3840
82 317 119 372 15

136 147 199 214 102
458 146 585 202 *AEGER
602 146 802 201 REDEMPTV
803 145 821 200 S

200 315 247 375 Me
273 315 406 391 quidem,
433 315 557 390 iudices,
584 318 612 375 si
634 316 905 393 quis'iuterreget,
932 315 1069 376 condicio
1095 316 1151 376 illa

134 424 193 463 non
215 404 273 463 fuit
296 423 380 480 vere,
406 424 467 464 non
490 405 628 481 simplex,
654 405 818 480 habuitque
844 405 990 481 piraticae
1017 405 1149 466 feritatis

92 495 294 570 ¹ingenium.
341 513 463 572 aegrum
489 494 564 552 mibi
586 513 646 553 non
668 495 755 553 licuit
776 495 957 571 relinquere,
984 494 1074 554 licuit
1097 496 1149 554 eli-

134 602 210 660 gere.
253 602 292 641 an
314 584 359 642 fas
382 584 473 642 fuisse
497 583 600 657 credis,
622 586 657 642 ut
678 586 763 642 iuxta
785 585 963 642 moritmum
985 586 1023 647 tu
1043 583 1149 643 redde·

133 670 228 731 reris?
251 674 281 731 et
298 672 431 732 homines
451 673 514 731 eius
532 672 737 747 immanitatis,
759 674 795 730 ut
812 675 933 748 possent
950 671 1062 732 liberos
1082 692 1150 733 eum
1175 693 1185 733 a

133 763 218 836 patre
236 761 351 837 partiri,
371 763 543 836 paterentur
561 779 628 819 eum
646 760 704 820 sibi
721 762 850 837 relinqui
869 780 959 836 quem
975 763 1149 837 periturum

134 869 169 921 ex
186 850 242 909 hoc
260 849 427 926 probabant
446 850 524 925 quod
543 850 629 908 illum
642 852 729 926 pater
741 869 801 909 non
815 848 966 928 eligebat?
997 852 1149 927 temptata

135 941 179 1015 est
202 939 310 999 misera
331 939 442 1015 pietas,
466 940 496 997 et
518 940 631 1014 placuit
653 940 709 998 hoc
731 959 849 1015 queque
874 939 944 998 addi
966 940 1149 999 calamitati·

133 1028 188 1087 bus
221 1030 344 1105 nostris,
376 1031 410 1086 ut
442 1047 580 1087 onerarer
610 1027 722 1104 pudore
750 1027 929 1088 condicionis
956 1030 1059 1103 partes
1088 1049 1149 1088 non

133 1117 279 1176 habentis.
325 1136 393 1196 cum
419 1119 452 1175 in
475 1118 695 1193 comparatione
719 1119 784 1176 sani
807 1136 895 1195 aeger
919 1117 1052 1192 offertur,
1080 1118 1147 1178 ideo
1160 1138 1183 1177 re

133 1207 263 1282 ponitur,
286 1208 320 1264 ut
343 1207 479 1284 eligatur.

200 1293 354 1370 Superest,
381 1296 440 1354 uisi
462 1296 560 1371 fallor,
586 1295 711 1370 iudices,
739 1298 774 1353 ut
801 1314 868 1354 cum
891 1294 948 1354 sibi
975 1295 1147 1370 praelatum

132 1384 256 1462 fratrem
288 1386 443 1460 queretur,
476 1384 655 1460 aestimetis,
686 1387 747 1443 utri
778 1387 851 1443 tunc
882 1383 978 1461 magis
1010 1383 1147 1444 debuerit

132 1474 229 1548 pietas
256 1476 358 1531 nostra
385 1492 562 1534 succurrere.
608 1476 653 1533 est
680 1473 813 1550 quidem,
840 1473 966 1546 iudices,
995 1473 1146 1533 humanae

132 1561 316 1621 infirmitatis
339 1563 398 1622 ista
425 1566 546 1637 natura,
573 1565 608 1621 ut
631 1583 667 1621 ex
689 1561 837 1626 omuibus·
854 1561 1056 1621 accidentibus
1080 1581 1181 1641 gra-re

132 1650 286 1709 vissimum
308 1653 396 1727 putet
418 1651 544 1727 quisque
568 1651 647 1726 quod
669 1653 794 1727 patitur,
819 1652 863 1725 et,
886 1669 953 1710 cum
975 1651 1078 1710 aliena
1100 1670 1145 1711 co-

133 1739 327 1816 gitationibus
350 1743 451 1799 nostra
470 1739 570 1800 dolore
588 1743 763 1815 tractentur,
785 1748 902 1799 necesse
921 1742 967 1799 est
986 1741 1070 1816 apud
1091 1743 1145 1801 im·

131 1829 311 1904 patientiam
343 1847 427 1905 suam
457 1830 505 1888 vel
536 1829 652 1889 minora
683 1830 885 1905 praevaleant.
936 1829 1067 1906 languor
1092 1833 1146 1910 'est

133 1920 245 1992 tamen,
273 1918 401 1994 languor
428 1918 476 1977 cui
503 1919 610 1976 merito
634 1921 776 1978 cesserint
803 1920 925 1977 cunctae
948 1919 1145 1993 calamitates,

132 2005 165 2063 in
187 2008 269 2065 cuius
288 2009 507 2081 comparatione
526 2008 672 2067 consolari
694 2026 724 2066 se
747 2009 847 2083 potest
868 2025 962 2084 genus
980 2016 1069 2066 omne
1091 2011 1179 2069 mis·

133 2114 271 2153 sororum.
316 2097 447 2172 stringet
469 2097 540 2154 licet
562 2114 667 2154 manus
691 2115 779 2155 saeva
803 2097 971 2172 captivitas,
995 2096 1145 2172 profunda

134 2185 257 2243 carceris
280 2186 366 2243 nocte
388 2184 520 2244 membra
548 2185 731 2260 claudantur,
761 2186 849 2244 datur
875 2187 977 2244 tamen
1004 2186 1144 2245 collidere

133 2277 265 2347 catenas,
290 2275 371 2332 artus
396 2275 548 2332 extrahere
571 2273 707 2348 nexibus,
730 2276 761 2332 et
782 2273 873 2333 habet
896 2273 1014 2350 aliquid
1036 2285 1143 2351 aeque·

133 2362 278 2420 nimitatis
312 2381 377 2420 cum
411 2381 508 2439 poena
539 2381 593 2421 sua
622 2381 708 2438 posse
738 2363 838 2421 rixari.
884 2364 1022 2423 saeviunt
1053 2383 1143 2442 regna

132 2451 302 2526 termentiS,
334 2451 414 2510 bella
441 2451 626 2526 vulneribus,
658 2452 709 2510 sed
740 2453 836 2511 levius
869 2451 970 2511 adficit
1002 2452 1173 2529 quicquidu

132 2540 245 2598 viribus
264 2540 356 2613 ¹feras,
379 2544 494 2598 etcum
516 2543 547 2598 in
569 2542 691 2615 plenum
710 2541 807 2599 adhuc
825 2540 1001 2618 sangumem
1020 2541 1142 2602 adversa

133 2629 315 2703 ceciderunt,
351 2629 545 2705 repugnantis
581 2629 695 2688 roboris
728 2630 938 2689 colluctatione
974 2631 1141 2690 vincuntur.

134 2736 206 2792 quos
225 2719 373 2777 cruciatus
393 2737 553 2793 compares,
568 2737 655 2792 quern
673 2717 812 2792 dolorem,
827 2737 895 2776 cum
912 2720 1034 2793 penitus
1051 2720 1142 2779 visae

133 2806 214 2864 ribus
238 2805 370 2866 immissa
396 2807 480 2866 tabes
503 2807 611 2866 cotidie
635 2807 751 2882 aliquid
774 2827 809 2866 ex
834 2806 954 2870 homine
976 2808 1142 2882 praemittit

203 3036 295 3083 ime:
318 3046 354 3083 ne
376 3039 398 3082 V
465 3029 594 3098 epirote
614 3038 655 3096 M,
679 3029 723 3083 vel
741 3029 796 3082 tice
814 3050 860 3097 n*
916 3028 1017 3083 feritas
1036 3039 1078 3097 Ι,
1100 3029 1141 3084 vel

132 3102 200 3155 tatis
218 3119 339 3170 sapam
400 3103 528 3169 epatre:
548 3116 563 3153 e
581 3110 680 3167 om.1’,
699 3101 798 3161 edelr»
860 3108 938 3155 lex:
959 3102 1141 3172 emmena

133 3175 161 3226 et
179 3173 243 3227 edd.
258 3172 392 3227 videbant
410 3174 449 3242 Μ)
527 3171 687 3240 probabant
705 3187 739 3225 ex
757 3172 810 3226 hoc
827 3172 903 3240 quod
922 3181 955 3225 Ι
1043 3178 1077 3226 10
1094 3173 1139 3225 ha·

132 3244 205 3298 betis
223 3254 251 3298 B
322 3250 354 3298 12
373 3245 417 3298 ut:
437 3246 516 3308 ctu,
536 3261 571 3297 er.
587 3249 612 3297 et
629 3246 662 3297 ut
679 3260 800 3312 cupam
873 3248 906 3296 14
924 3243 1087 3311 etquidem
1105 3252 1139 3308 Ι,

132 3315 176 3369 vel
195 3318 238 3369 est
255 3333 330 3384 capr.
346 3337 377 3368 m
431 3321 464 3368 15
483 3316 584 3368 natura
603 3317 646 3368 est
663 3316 696 3367 ut
710 3323 742 3367 Μ
800 3319 833 3367 17
852 3315 946 3368 nestro
960 3324 1021 3368 151
1071 3317 1138 3368 trac-

132 3389 227 3439 tentur
244 3405 277 3441 ece
295 3389 391 3441 -antur
410 3396 443 3439 Μ
511 3392 543 3440 21
564 3386 683 3457 stringet
701 3394 743 3452 1,
763 3402 830 3440 corr.
846 3406 878 3438 n
949 3391 983 3439 22
1003 3385 1138 3440 colludere

133 3467 199 3522 Meo
214 3461 291 3528 (corr.
308 3462 329 3528 s)
385 3464 418 3511 23
438 3460 551 3512 catenas
573 3468 636 3511 Πιιε
659 3457 764 3512 catenis
783 3458 883 3526 reliqui
936 3457 1138 3521 25adlieet1',

130 3546 197 3583 corr.
210 3551 235 3590 ρ
306 3535 340 3584 28
359 3529 523 3584 visceribus:
542 3529 695 3583 visionibus
714 3542 730 3593 a
