2408 3840
418 128 652 184 DECLAMATIO
670 129 710 184 XI
724 134 801 184 6-8.
1052 132 1116 194 213

101 299 240 374 quisquis
263 298 359 356 ullum
380 297 496 358 facinus
519 301 551 357 in
573 299 660 358 rebus
682 300 820 358 humanis
846 299 998 375 publicum
1021 302 1116 375 putat.

101 386 346 464 persuadentium
369 389 447 446 vires
470 390 547 463 sunt,
571 388 713 464 quiequid
736 389 841 447 civitas
864 389 949 463 facit,
973 390 1003 447 61
1026 388 1117 464 quod-

101 495 220 551 cunque
238 477 312 534 facit
330 477 467 552 populus
482 478 642 536 secundum
661 477 740 552 quod
758 479 956 554 exasperatur,
970 477 1116 536 irascitur.

102 567 146 624 sic
171 583 294 641 corpora
317 567 418 624 nostra
441 569 556 625 motum
582 567 641 624 nisi
663 567 700 625 de
722 569 821 624 mente
843 585 902 625 non
926 570 1060 641 sumunt,
1088 571 1117 625 et

72 655 202 713 sotiosa
225 656 294 713 sunt
316 655 457 731 membra,
480 654 571 714 donec
593 656 654 714 illis
678 658 794 713 animus
817 657 927 714 utatur.
974 656 1050 713 nihil
1073 659 1118 715 est

101 743 223 802 facilius
256 762 345 818 quam
376 744 408 801 in
440 744 601 818 quemlibet
633 744 782 803 adfectum
815 763 933 802 movere
965 745 1116 820 populum.

102 831 193 906 nulli,
226 850 293 890 cum
320 833 444 907 coimus,
477 851 531 892 sua
559 834 714 910 cogitatio,
741 851 794 891 sua
821 852 918 908 mens,
949 834 1013 891 ulla
1039 834 1117 892 ratio

102 923 223 997 praesto
246 923 303 995 est,
329 939 382 980 nec
404 921 495 980 habet
516 923 580 981 ulla
601 921 690 981 turba
712 921 902 998 prudentiam
925 923 1117 999 singulorum,

104 1011 168 1068 sive
192 1009 390 1084 quodminus
414 1011 547 1086 publicos
571 1010 705 1086 cepimus
729 1011 858 1085 affectus
883 1013 944 1070 sive
961 1012 1118 1088 neglegen-

62 1117 90 1158 1o
103 1100 165 1157 tior
188 1101 233 1158 est
256 1099 308 1174 qui
327 1117 358 1158 se
376 1118 434 1157 non
458 1102 546 1176 putat
564 1100 660 1159 solum
679 1099 784 1159 debere
801 1101 956 1175 rationem,
981 1101 1011 1159 et
1030 1101 1117 1158 multi

103 1187 216 1246 fiducia
242 1188 366 1247 facimus
394 1190 533 1247 omnium.
579 1208 669 1264 quam
696 1208 756 1247 non
782 1191 878 1265 possit
904 1189 1118 1265 rempublicam

103 1276 239 1352 turbare,
267 1277 457 1352 confundere,
486 1279 512 1336 si
535 1279 601 1353 quis
624 1280 745 1354 repente
772 1279 948 1354 proclamet:
976 1273 1119 1354 ‘prodidit

103 1383 157 1425 vos
175 1365 339 1442 imperator
356 1369 461 1440 vester,
485 1362 620 1441 addixit,
645 1370 674 1425 et
694 1363 782 1424 ‘nunc
800 1368 852 1426 1116
870 1367 978 1426 liberos
995 1363 1119 1426 habet'?

103 1455 129 1513 si
153 1455 334 1514 mehercules
358 1455 532 1531 posthanc,
556 1456 684 1531 inimice,
706 1474 808 1515 vocem
826 1456 940 1532 templa
957 1459 1117 1516 monstras·

68 1561 91 1602 6
104 1562 165 1618 666,
192 1544 369 1620 sacrilegum
392 1546 532 1603 continuo
554 1545 710 1622 flagrasset
732 1545 914 1620 incendium,
943 1547 969 1603 si
992 1545 1119 1605 convelli

103 1633 265 1691 simulacra
287 1633 444 1708 voluisses,
472 1634 589 1693 fecisset
617 1653 702 1692 omne
730 1634 766 1692 de
793 1634 963 1693 numinibus
991 1637 1052 1694 suis
1073 1635 1118 1692 fa-

104 1721 188 1780 cinus
208 1720 339 1780 audacia.
376 1723 422 1781 vis
441 1723 524 1796 scire,
544 1725 630 1781 tuum
648 1741 719 1798 esse,
743 1724 884 1798 quicquid
903 1723 1009 1784 civitas
1027 1722 1119 1783 fecit?

103 1811 275 1888 gloriareris
298 1811 359 1885 illo,
383 1812 409 1870 si
431 1811 634 1888 prodidissem.

173 1899 240 1959 Non
263 1901 320 1973 est,
342 1900 464 1975 iudices,
487 1900 566 1975 quod
589 1919 641 1959 vos
665 1920 683 1958 a
706 1902 854 1978 gravitate
876 1901 1010 1960 iustitiae
1033 1900 1116 1959 dolor
1135 1898 1152 1953 8

72 2003 93 2046 ro
104 1988 229 2048 ultionis
250 1988 390 2064 abducat3
414 1989 493 2063 quod
515 1991 642 2048 mortem
661 2008 746 2049 suam
768 1991 905 2049 inimicus
929 1991 1023 2048 offert.
1058 2010 1118 2048 non

104 2079 183 2154 petit
205 2077 295 2152 illud,
321 2079 380 2136 nisi
404 2079 537 2153 quisquis
560 2080 624 2154 ipse
646 2097 705 2137 non
729 2078 817 2138 debet
842 2079 943 2138 occidi.
990 2082 1118 2154 seposita

104 2167 199 2244 igitur
220 2167 373 2242 paulisper
391 2167 456 2244 lege
478 2168 538 2225 mei
559 2167 668 2226 doloris
685 2168 741 2227 hoc
759 2169 878 2226 tantum
898 2168 934 2227 ab
954 2166 1117 2226 adfectibus

104 2257 212 2314 vestris
241 2256 372 2314 omnium
399 2257 571 2315 mortalium
598 2257 717 2316 nomine
746 2259 828 2331 pete,
858 2275 894 2314 ne
925 2258 972 2314 cui
1001 2255 1118 2315 nocenti

104 2363 218 2420 poenae
241 2347 408 2420 praestetur
432 2346 595 2403 arbitrium.
636 2345 793 2420 infinitam,
815 2345 935 2419 iudices,
959 2344 1117 2403 sceleribus

72 2449 92 2491 s
106 2433 229 2508 aperitis
248 2434 412 2509 audaciam,
436 2435 462 2492 si
480 2453 606 2510 poenam
623 2434 695 2494 lieet
713 2434 820 2512 eligere
840 2434 1042 2510 condemnato,
1064 2453 1118 2493 nec

105 2522 164 2580 iam
193 2522 287 2581 ullam
313 2523 486 2581 mortalium
512 2525 713 2582 innocentiam
736 2523 934 2599 trepidatione
958 2524 1117 2600 contineas

105 2612 131 2669 si
152 2612 270 2686 patitur
292 2611 489 2687 deprehensus
513 2612 636 2688 quisque
661 2613 739 2687 quod
762 2613 878 2670 maluit.
915 2613 997 2671 levat
1017 2630 1117 2671 omnes

104 2700 261 2775 cruciatis,
285 2719 401 2760 omnem
424 2701 555 2760 dolorem
577 2703 757 2776 praeparata
779 2704 908 2760 mentem
929 2702 1117 2776 conposuisse

103 2789 260 2866 patientia.
305 2790 423 2848 fallitur
445 2791 580 2866 quisquis
606 2791 737 2848 humana
763 2792 913 2849 tormenta
936 2791 999 2848 sola
1024 2791 1116 2848 nomi-

56 3072 59 3077 .
176 3028 563 3099 lullumom.u,scpr.m
633 3031 740 3084 46111
798 3030 973 3084 6166167
1031 3034 1117 3098 9pu·

100 3101 192 3155 blicos
212 3102 253 3156 bic
272 3112 298 3154 P
372 3101 498 3169 capimus
517 3115 597 3166 orae
677 3106 709 3154 10
730 3101 819 3154 solum
837 3117 894 3154 non
914 3101 1015 3155 debere
1034 3109 1067 3154 M

100 3172 193 3227 multa
212 3182 244 3225 Μ
314 3179 346 3226 11
372 3189 455 3240 quam
475 3189 507 3226 ex
526 3188 609 3241 quem
626 3182 655 3224 B
726 3177 759 3226 11
784 3172 808 3224 61
827 3188 876 3226 om.
891 3182 916 3229 J
986 3177 1019 3226 14
1039 3187 1116 3224 mon-

101 3246 208 3298 strasse
227 3253 254 3296 P
343 3250 376 3296 15
394 3243 527 3313 flagraret
546 3257 560 3308 β
651 3249 683 3297 16
703 3243 872 3297 simulachra
894 3253 916 3296 V
1001 3249 1035 3296 11
1054 3242 1116 3311 legi

100 3369 129 3423 ei
146 3377 176 3422 Ι
193 3370 219 3437 (”
234 3370 297 3438 εν.);
320 3367 412 3438 legem
431 3368 458 3420 ei
477 3376 514 3433 Μ,
533 3385 600 3422 corr.
614 3389 647 3420 m
734 3333 805 3435 liidie
827 3377 848 3420 V
935 3372 968 3420 13
991 3367 1115 3420 nomine:

99 3440 162 3494 iure
182 3448 214 3494 Ι
291 3456 343 3493 nec
361 3438 503 3492 innocenti
522 3451 537 3502 β
627 3443 659 3491 15
684 3440 855 3508 condemptu
877 3448 898 3490 V
984 3444 1018 3491 18
1036 3454 1115 3508 prae·

99 3513 232 3582 paratam
250 3520 309 3564 1111
377 3511 471 3564 mente
490 3522 504 3573 β
