2408 3840
108 179 173 242 276
496 176 571 232 ODII
588 175 695 231 ΡΟΤΙΟ
714 173 740 230 Π

109 348 216 420 fectus,
244 350 275 405 et
296 346 380 406 brevi
402 364 519 406 necesse
546 347 591 405 est
613 363 770 405 consumar
791 364 852 421 quo
875 344 984 405 cotidie
1012 345 1111 402 vincor.

110 455 186 510 quae
208 437 323 512 putetis
346 455 408 495 esse
430 437 588 509 tormenta,
612 453 700 510 quem
721 433 864 508 dolorem,
887 452 955 493 cum
973 451 1057 492 mens
1072 451 1113 491 ve·

109 528 193 584 tetur
216 526 316 585 oculos
339 526 437 600 sequi,
460 543 527 583 cum
550 542 569 582 e
591 523 753 582 luminibus
776 524 839 583 suis
862 524 980 582 enimus
1005 522 1114 582 abduci·

110 612 180 672 tur?
216 614 284 674 odio
304 613 382 690 quod
401 632 461 673 non
478 612 605 689 proficit,
627 613 683 671 hoc
701 615 844 688 superest,
863 614 899 672 ut
916 612 1042 672 occidet.
1076 630 1116 671 me

110 704 274 778 infelicem,
300 704 326 763 si
349 722 497 762 venenum
523 702 605 761 istud
629 720 689 760 non
715 701 806 762 hebet
832 703 975 775 mortem,
1003 702 1117 760 simili

110 793 189 851 inter
210 794 264 850 hos
287 792 403 851 dolores
428 792 546 868 longior
567 793 632 850 vita
654 790 789 850 ducenda
812 794 864 850 est.
902 809 957 850 cur
980 809 1036 869 ego
1058 792 1117 866 post

110 882 166 940 hoe
184 883 278 940 enimi
300 883 387 955 vices,
411 900 487 956 quse
508 883 676 940 commento
697 877 866 956 prospicio?
912 881 940 939 si
962 879 1116 939 meretricis

110 972 306 1046 inpatientiae
335 971 435 1029 omnic
460 970 564 1044 licent,
587 970 643 1028 hoc
670 970 727 1028 erit
753 968 930 1043 remedium,
964 973 1000 1029 ut
1027 987 1115 1029 emere

111 1079 213 1119 rursus
236 1060 387 1136 incipiam.

583 1251 657 1325 XV.

451 1411 549 1485 ODII
575 1411 714 1485 ΡΟΤΙΟ
740 1410 786 1484 Π.

113 1611 253 1669 Meretrix
271 1612 400 1670 amatori
417 1630 469 1671 suo
487 1611 614 1686 pauperi
631 1609 715 1669 dedit
732 1609 794 1668 odii
811 1611 974 1685 potionem.
1006 1608 1108 1669 accuset

158 1700 243 1758 illem
264 1720 380 1777 pauper
401 1698 543 1759 veneficii.

80 1894 97 1946 1
183 1895 259 1970 Etsi,
280 1895 400 1969 iudices,
422 1896 467 1953 ite
485 1897 629 1954 enatura
648 1896 842 1969 conparatum
860 1896 914 1968 est,
935 1914 973 1954 ne
991 1894 1029 1953 sit
1044 1891 1105 1951 ullus

115 1986 222 2044 iustior
244 1984 329 2044 dolor
347 2003 438 2059 quem
459 1983 593 2043 beneficii
612 1985 658 2042 sui
679 1982 841 2059 perdidisse
859 1986 1016 2056 rationem,
1036 1979 1118 2040 nihil-¹

115 2093 173 2150 que
195 2075 316 2150 gravius
335 2073 455 2132 adficiet
473 2075 683 2133 conscientiam
703 2073 848 2133 bonorum
866 2092 959 2149 quem
978 2072 1105 2148 quotiens

115 2182 240 2238 cumque
263 2164 346 2220 nulle
368 2165 475 2222 merita
493 2162 669 2238 cecidemmt,
692 2180 751 2220 non
770 2160 880 2221 efficiet
901 2164 1003 2221 temen
1024 2159 1105 2219 nefer-

188 2321 202 2368 1
226 2331 353 2369 necessse
371 2324 409 2381 Β;
432 2315 562 2384 nec{esse
581 2323 613 2368 Β
682 2330 737 2382 quo
756 2330 807 2369 om.
820 2325 858 2380 cc
926 2313 1022 2368 vincor
1039 2320 1056 2364 7

116 2387 217 2440 lodie
231 2403 281 2441 om.
294 2395 327 2439 Β
377 2385 554 2439 ofelicemc
608 2385 657 2438 sed
671 2399 807 2439 venenum
820 2394 848 2437 Β
901 2391 1000 2440 ocur:
1015 2383 1106 2452 quos!

117 2463 131 2510 7
151 2458 225 2511 vices
240 2459 452 2526 commentaque
466 2469 494 2525 ῖς
508 2475 533 2510 v.
547 2458 742 2524 tormentoque
759 2455 822 2512 occ.
877 2460 893 2509 8
912 2453 1104 2526 impotentisel

117 2587 132 2634 9
151 2546 250 2652 {ursus
268 2591 296 2634 Β

187 2655 348 2722 subscriptio
361 2653 432 2707 dccet
447 2655 479 2706 c'c
492 2661 520 2704 Β
569 2635 603 2704 Π
614 2650 699 2704 I'ABI
713 2635 913 2716 QINTILIANI
927 2650 1008 2706 ODIJ
1021 2641 1104 2704 PO'lIll

116 2740 288 2794 EXPLICIT.
308 2750 330 2793 V
406 2739 533 2796 EXPLIO
552 2739 882 2807 0D11POT10;1N01P
901 2739 951 2794 ms
970 2727 1103 2794 Poslold

117 2812 222 2877 QVAM
239 2812 350 2865 DEDIT
369 2811 511 2865 PVELLA
529 2811 658 2867 IVVENI
670 2811 720 2865 VT
734 2810 884 2866 escrffls
900 2810 994 2865 ALIIS
1012 2809 1051 2864 Sil
1066 2802 1105 2887 Sil

116 2883 194 2935 LAM
217 2883 369 2936 AMARET
393 2885 487 2953 (micio
501 2886 588 2954 picta)
603 2893 637 2938 M·
721 2882 852 2952 Explicit.
878 2882 950 2936 Item
969 2880 1026 2952 odij
1047 2878 1106 2950 poc

116 2954 225 3023 incipit.
241 2969 256 3019 β
275 2956 370 3024 (micio
383 2957 418 3024 Ρ)

188 3027 286 3080 titulus
307 3032 333 3079 et
354 3034 544 3096 crpcmcctcm
566 3026 664 3081 desum
685 3026 717 3079 ic
734 3034 763 3077 Β
849 3026 881 3079 in
898 3043 986 3097 marc.
1000 3016 1106 3078 ‘mm

116 3116 223 3185 (vicicco)
242 3116 272 3168 in
287 3115 351 3168 eliis
365 3116 405 3168 sic
419 3117 495 3170 teme
512 3115 625 3185 incipit3
643 3119 795 3184 sequuntur
808 3115 825 3168 l.
836 3118 872 3168 12
880 3132 919 3183 eq.
950 3120 983 3168 1³
1001 3102 1107 3168 exsut

117 3204 247 3257 THEMA
262 3205 369 3274 (micio)
383 3214 416 3257 Β
464 3210 526 3273 poet
543 3203 670 3258 veneficii
688 3203 752 3258 cdd.
767 3204 853 3258 micio
866 3205 943 3272 picta
961 3184 1053 3257 meld
1067 3194 1107 3251 nv

116 3276 158 3328 Dc
176 3275 267 3329 PARS
287 3275 432 3329 ALTERA
504 3275 621 3330 CAVSA
636 3274 687 3328 XV
705 3284 738 3329 dl
806 3281 998 3346 aryummtum
1014 3282 1083 3335 ΒΜ

185 3353 219 3404 16
239 3346 359 3404 venefici
377 3357 417 3415 33
433 3346 563 3402 veneficii
576 3356 597 3399 v
680 3351 712 3400 id
732 3345 847 3399 adficiet
864 3363 899 3400 erc
916 3345 1017 3400 -iecist
1031 3351 1056 3397 Ι

102 3423 364 3495 quotiensqueqne
380 3432 412 3492 νς
432 3420 689 3498 quotiensqnedld
773 3420 807 3494 iffi
827 3416 910 3495 ὼ.
919 3405 1107 3491 pnecesserdnl

93 3497 207 3554 merila
226 3497 367 3554 convitia.
385 3494 560 3553 inciderent
574 3499 619 3556 Μ’,
633 3488 720 3540 ΨΜ·
733 3484 838 3534 ml&
850 3483 1008 3533 mimi
1018 3484 1113 3539 43¹³&

88 3569 185 3626 utilia
205 3592 246 3629 m.
267 3591 294 3629 c.
311 3573 387 3630 Obr.
469 3564 605 3623 efficient
624 3567 692 3614 ΒΝ
