2408 3840
115 151 180 214 268
506 151 582 206 ODII
599 150 706 206 POTIO
723 151 737 205 1

115 321 209 378 tatem
227 322 257 378 in
282 318 461 395 lupanarum
480 319 621 395 obsequia
638 321 860 398 nanstuleram,
882 320 954 381 inde
971 321 1118 381 veniebant

116 408 213 484 pallor
240 411 271 467 et
297 408 433 468 informis
464 411 574 469 macies
606 409 683 468 unde
712 428 804 484 nnnc,
836 409 916 485 quod
944 409 1118 482 excandesco,

116 496 195 572 quod
218 498 320 556 fremo.

79 586 98 641 4
183 586 346 662 Nunquam
359 588 415 645 hoo
432 589 551 646 tantum
569 589 709 646 meretrix
726 586 784 647 soit
801 586 1056 664 quemadmodum
1072 606 1120 646 non

115 677 237 733 ametur.
285 676 364 751 quod
395 678 499 754 negari
529 677 630 753 igitur,
662 675 787 750 iudices,
819 695 880 735 non
907 679 1024 754 potest,
1050 677 1147 736 vuaso

114 764 232 822 homine
255 764 377 838 firmius,
400 767 499 824 mente
522 767 715 839 constantius,
738 764 818 841 quod
840 765 994 826 inmodico
1019 766 1121 826 ardoris

115 856 200 912 aestu
232 855 263 911 et
294 853 460 912 exundante
490 854 670 928 inpatientia
705 855 801 929 possit
837 856 931 915 etiam
966 856 1121 916 recusantis

115 942 207 1000 animi
231 942 363 1001 dolorem
381 959 562 1018 conpescere,
586 942 659 1001 diris
677 945 782 1018 utiquo
800 943 985 1005 carminibus
1008 946 1040 1003 et
1057 945 1121 1003 fera·

115 1032 190 1089 lium
216 1033 421 1106 precationum
447 1033 560 1090 terrore
591 1031 785 1107 permixtum,
817 1032 945 1093 lenitate
972 1033 1121 1093 vnltuset

114 1119 226 1177 blanda
248 1120 427 1198 porrigentis
451 1119 686 1180 dissimulatione
713 1123 880 1196 protectum
907 1124 972 1181 iarn
995 1123 1147 1199 perustione

114 1210 176 1266 iam
202 1208 407 1268 laborantibus
435 1209 595 1269 visceribus
622 1209 734 1268 infudit
766 1212 796 1268 et
826 1210 982 1271 hominem
1014 1211 1118 1271 solaciis

114 1297 214 1372 potius
237 1316 272 1356 ac
294 1297 430 1357 mollium
448 1298 645 1357 remediorum
663 1301 779 1358 ratione
801 1299 996 1358 tractandum
1015 1317 1118 1375 exaspe

115 1385 195 1444 ravit
220 1387 280 1460 ira,
308 1387 409 1446 dolore
437 1387 581 1447 conclusit
607 1404 776 1464 magnaque
800 1389 944 1449 miserum
967 1391 1116 1450 commnta-

114 1475 196 1533 tione
219 1477 383 1536 renovavit.
430 1495 468 1534 an
490 1477 607 1550 fecerit,
630 1476 752 1549 iudices,
774 1479 810 1535 ut
832 1496 934 1547 amare
957 1477 1115 1547 desiderem,

115 1582 167 1622 vos
191 1563 412 1639 existimabitis,
436 1565 515 1639 fecit,
538 1568 572 1623 ut
595 1584 696 1624 amare
718 1565 846 1624 mallem.
884 1567 1059 1642 explicitum
1077 1578 1139 1623 neu

115 1654 229 1728 putatis
261 1655 292 1711 et
323 1652 360 1710 ab
391 1654 578 1712 incommodo
609 1654 781 1713 hilariorem
817 1654 999 1715 dimissum?
1042 1671 1113 1725 nnnc,

115 1760 193 1799 nunc
224 1761 271 1799 me
303 1743 400 1801 fateor
431 1741 536 1801 debere
563 1743 671 1802 sanari.
716 1742 807 1803 habet
834 1744 957 1819 aliquod
987 1743 1112 1805 solacium

115 1832 250 1905 quisquis
278 1833 311 1888 in
334 1850 433 1890 amore
460 1833 551 1890 miser
573 1834 625 1890 est.
671 1832 766 1890 levior
792 1833 949 1892 calamitas
972 1835 1022 1894 cui
1044 1832 1112 1892 blan·

115 1919 197 1977 ditur
220 1920 334 1995 aliquid
357 1920 392 1979 de
415 1921 570 1995 voluptate
597 1921 722 1979 laetitia.
768 1940 846 1980 nunc
872 1921 979 1982 infelix
1001 1940 1067 1981 uror
1085 1937 1111 1978 ao

114 2009 237 2081 laceror,
264 2028 342 2067 nuno
368 2010 496 2067 retinere
522 2012 664 2083 mentem,
690 2027 768 2068 nunc
789 2029 892 2088 regere
915 2030 977 2070 non
1000 2020 1136 2088 possum!

79 2099 97 2153 ὅ
118 2097 264 2155 crudelius
287 2100 333 2157 est
355 2098 449 2157 odisse
472 2100 665 2158 meretricem.
711 2097 846 2158 veneficii
869 2117 936 2178 ago.

182 2185 319 2262 Seposita
350 2186 514 2263 paulisper,
550 2187 676 2261 iudices,
711 2187 818 2247 noxiae
849 2189 983 2263 potionis
1014 2186 1110 2247 invidia

115 2294 211 2334 nonne
234 2275 318 2334 vobis
341 2275 459 2334 videtur
484 2276 609 2351 implere
636 2277 753 2336 sceleris
780 2276 869 2336 fidem
894 2279 975 2352 quod
1003 2274 1109 2339 abstulit

113 2363 202 2422 fidem
231 2364 363 2424 condicio
390 2363 554 2439 personae?
597 2365 784 2439 veneficium,
812 2366 939 2441 iudices,
969 2370 1035 2426 tota
1059 2366 1108 2423 rita

114 2453 277 2511 meretricis
301 2457 353 2512 est.
399 2473 504 2529 parum
528 2474 557 2513 se
581 2455 748 2528 lenociniis,
777 2474 883 2530 parum
907 2458 1018 2531 putant
1039 2462 1133 2532 agere!

187 2647 200 2693 1
224 2640 403 2709 lupanarium
423 2653 472 2706 αις
495 2642 529 2706 cf.
549 2641 626 2696 Deos
646 2642 749 2696 Archiv
766 2643 786 2707 Γ
802 2642 849 2696 lat.
864 2641 933 2696 Lex.
949 2644 1006 2710 XI,
1020 2646 1069 2697 133

113 2711 244 2765 veniebat
263 2724 283 2764 c
344 2682 511 2765 adetordis
530 2723 551 2763 o
611 2718 783 2782 enegarat
851 2713 982 2768 tflrmus
1002 2724 1038 2780 11,
1054 2725 1107 2768 corr

113 2794 134 2836 a
189 2773 293 2856 tinente
311 2792 339 2836 Β
411 2783 599 2836 texendante
618 2792 710 2850 mem
732 2784 873 2838 exudante
892 2794 925 2837 Β
977 2784 1108 2856 impatien-

112 2874 223 2927 tiam?
274 2871 520 2941 9praecationum
533 2873 620 2925 trora·
640 2872 760 2924 -tionum
774 2876 813 2925 tr-
827 2874 927 2929 iuras
938 2883 1109 2944 113-praecan

112 2945 288 2998 tationume
349 2946 516 3006 terroremc
589 2946 622 2995 10
641 2941 828 2997 dissimulatio
847 2952 868 2995 V
926 2917 1111 3014 prdicctnn!

115 3022 146 3070 11
167 3017 288 3070 ominem
307 3024 339 3081 Β,
359 3025 460 3069 corre
542 3019 575 3066 14
593 3013 741 3067 renodavit
760 3013 808 3068 Gr.
882 3015 1070 3071 desinereme

113 3093 147 3141 lt
172 3086 449 3152 exaestimabitism
442 3083 707 3150 aestimabitur}
733 3100 765 3138 ex
785 3085 955 3141 estimabitis
970 3096 1013 3155 11,
1031 3082 1109 3142 existi·

111 3158 264 3212 mabiliss
324 3159 356 3210 nt
374 3174 424 3211 om.
441 3166 487 3209 Bo
553 3161 585 3210 16
603 3154 736 3209 hilariore
756 3165 839 3220 Βῐβσ
909 3157 1059 3213 demissum
1072 3158 1111 3209 15

113 3272 145 3318 17
165 3229 285 3335 deberd3
303 3274 323 3317 ι
404 3273 543 3316 sanaret
631 3268 663 3317 18
682 3245 782 3334 leviter
799 3271 838 3329 Β·
857 3261 947 3318 levior
965 3268 1008 3319 est
1026 3274 1056 3317 Β

113 3344 145 3391 19
165 3352 198 3390 ae
216 3336 334 3391 laceror:
355 3333 532 3389 accelercrs
604 3340 636 3387 21
656 3342 720 3388 calc
739 3349 793 3404 ago
811 3304 875 3389 add.
891 3350 1008 3390 cansam
1025 3343 1056 3389 Ι

111 3467 144 3514 22
166 3476 256 3514 noxae
275 3470 302 3513 Β
390 3465 423 3512 23
443 3459 518 3527 quod
538 3457 656 3512 obstulit
674 3458 758 3512 fidem
776 3475 826 3515 om
841 3469 866 3512 1
950 3466 985 3514 24
1002 3429 1108 3530 iiiito!

109 3536 144 3586 26
161 3548 265 3604 parum
284 3547 314 3588 ae
333 3530 482 3588 lenociniis
500 3547 551 3585 ooo
566 3539 584 3582 s
