2408 3840
382 133 615 188 DECLAMATIO
634 135 647 187 I
667 140 770 188 14-16
1041 135 1080 197 17

69 303 271 381 perpetuitate
294 302 444 380 dirigeret.
489 304 638 363 simulasti
660 303 762 379 itaque
786 303 958 362 caecitatem
981 307 1019 377 et,
1045 323 1082 362 ne

71 393 142 469 quid
158 393 266 453 sceleri
281 391 375 468 impio
394 392 516 467 deesset,
533 392 635 450 mariti
652 393 699 450 tui
717 411 819 451 cruore
837 392 944 452 lusisti.
983 394 1082 452 omnia

70 482 126 541 tibi
147 481 304 558 conposita
332 484 422 557 atque
450 481 591 540 simulata
618 484 688 540 sunt
714 501 768 558 per
795 481 890 540 otium
917 485 947 540 et
974 482 1081 541 securi-

69 575 178 646 tatem,
200 574 355 646 tamquam
379 570 473 630 scelus
496 571 707 629 transferretur
729 570 857 648 ingenio.
902 588 981 629 nunc
1004 572 1082 630 enim

41 665 103 722 stu
126 660 278 735 innocens,
301 659 373 735 quia
394 659 525 737 privigni
543 659 660 737 gladius
684 659 716 717 in
738 660 868 735 vulnere,
892 661 962 736 quia
985 661 1082 736 paries

68 751 252 809 cruentatus.
284 748 340 806 hoc
359 747 492 808 sufficere
507 751 665 824 utrumque
683 747 793 807 iudicio
812 747 962 824 putabas?
994 767 1083 824 quam

68 838 154 898 facili
175 840 325 897 momento
344 855 455 896 causae
477 838 542 896 fata
564 840 734 912 vertantur,
763 836 842 913 quod
864 837 969 897 fecisse
992 837 1083 896 etiam

67 929 94 988 is
118 927 215 987 scelus
237 928 409 1002 frequenter
430 926 568 986 inventus
592 929 637 985 est
660 928 712 1002 qui
735 926 893 986 obiciebat!

139 1015 198 1075 Sed
221 1033 332 1090 causae,
354 1016 467 1090 iuquit,
495 1015 649 1092 parricidii
671 1017 727 1074 iste
750 1014 856 1074 habuit
879 1035 966 1091 quem
989 1016 1083 1074 iratus

28 1108 158 1183 sopater
179 1105 211 1163 in
234 1106 378 1165 secretam
396 1105 499 1164 domus
522 1106 638 1181 partem
660 1104 855 1181 relegaverat.
887 1105 1006 1164 mulieri
1029 1105 1084 1163 illa

68 1197 198 1254 forsitan
220 1194 385 1272 ignominia
403 1194 544 1253 felicioris
563 1193 714 1253 videretur
732 1212 794 1252 esse
814 1194 954 1272 privigni.
992 1193 1083 1253 caeci-

69 1285 144 1344 tatis
166 1283 342 1342 beneficium
365 1285 419 1357 est,
442 1301 509 1341 cum
531 1283 579 1340 illi
601 1286 747 1342 secretum
769 1283 865 1341 datur.
912 1301 928 1341 o
951 1284 1084 1358 praecla-

68 1392 136 1431 ram
163 1373 241 1432 senis
269 1372 376 1448 optimi
403 1371 642 1450 singularemque
671 1371 827 1448 pietatem!
858 1391 947 1447 quam
974 1371 1083 1430 blando

69 1463 123 1521 ille
146 1461 280 1537 seposuit
301 1461 441 1520 miserum
465 1461 563 1520 sunml
592 1479 682 1536 quam
705 1460 864 1538 diligenter
886 1461 985 1520 uxoris
1011 1480 1084 1537 gau-

31 1574 56 1615 rs
70 1551 169 1610 dentis
189 1550 312 1610 exclusit
325 1550 439 1609 oculos!
464 1569 553 1626 quam
566 1551 661 1609 multo
680 1568 799 1609 caecum
817 1549 929 1625 pudore
948 1550 1083 1608 donavit!

72 1636 110 1700 ‘si
133 1633 269 1714 felicior',
290 1639 403 1715 inquit,
428 1634 533 1698 ‘essem
554 1641 648 1714 pater,
672 1657 727 1716 ego
750 1638 807 1697 tibi
829 1640 929 1715 potius
953 1638 1085 1697 cederem

70 1729 159 1789 domo
178 1730 251 1788 tota.
287 1746 366 1786 nuno
384 1730 473 1787 miser
491 1728 575 1786 illam
594 1746 705 1804 occupa
722 1729 849 1804 partem,
870 1727 901 1785 in
922 1746 980 1804 qua
998 1746 1084 1786 nemo
1193 1726 1195 1732 ’

69 1824 102 1878 te
121 1817 232 1892 rideat,
253 1816 286 1875 in
305 1836 396 1896 quam
415 1818 495 1876 solus
514 1836 568 1894 ego
586 1818 712 1877 reniam.
749 1817 810 1875 sint
828 1817 906 1875 circa
923 1820 954 1876 te
975 1817 1085 1875 servuli

70 1907 182 1966 fideles.
228 1924 287 1964 non
316 1906 444 1983 gemitus
472 1908 539 1965 tuos
570 1905 673 1966 audiat
700 1907 870 1982 quisquam,
902 1925 962 1964 non
993 1905 1086 1965 flebili

31 2017 57 2057 ao
71 2014 207 2055 maerore
220 1997 369 2071 pascatur.
401 1995 478 2054 nihil
491 1997 537 2054 est
556 1994 635 2070 quod
652 1997 683 2053 te
702 1995 843 2054 sollicitet
862 1997 1085 2055 conversatione

70 2079 188 2145 nostri’
230 2086 376 2143 secretum
410 2084 489 2160 quod
521 2083 659 2143 caecitati
690 2086 873 2160 praestatur,
899 2084 968 2160 ideo
1000 2104 1085 2160 prae-

72 2176 181 2248 statur,
204 2175 239 2232 ut
260 2173 358 2232 minus
382 2174 463 2233 oculi
485 2173 695 2232 desiderentur.

139 2262 260 2338 Aliquis
284 2261 348 2320 odit
369 2261 465 2320 tilium
488 2280 606 2321 caecum
625 2264 655 2320 et
672 2262 728 2320 hac
745 2263 864 2319 tantum
882 2261 997 2320 ultione
1017 2280 1085 2321 con·
1100 2261 1139 2316 16

72 2354 174 2412 tentus
198 2353 257 2427 est,
284 2352 318 2409 ut
340 2351 386 2410 illi
413 2350 551 2429 adsignet
573 2351 705 2426 quietam
733 2353 763 2408 et
784 2348 945 2425 sepositam
973 2351 1004 2408 et
1026 2370 1086 2408 me-

30 2463 58 2504 ss
73 2441 180 2500 liorem
207 2440 311 2500 domus
338 2443 462 2516 partem
508 2437 573 2498 ita?
592 2458 656 2518 ego
679 2440 722 2498 sic
748 2437 972 2515 intellegebam:
1001 2440 1087 2514 quasi

74 2529 242 2604 abdirama,
269 2531 355 2604 quasi
379 2529 547 2605 expelleres.
587 2529 683 2587 iratus
710 2527 805 2605 igitur
828 2547 915 2587 senex
937 2530 1020 2586 tenet
1042 2527 1087 2585 iu-

73 2638 180 2679 venem
203 2638 290 2677 suum
307 2619 392 2678 velut
413 2620 554 2677 interiore
578 2618 723 2693 conplexu
746 2619 776 2674 et
799 2637 817 2676 a
839 2617 941 2675 limine
966 2615 1088 2676 obstat?

145 2786 292 2844 inceleri:
317 2786 428 2842 sceleris
446 2797 505 2841 ΒΜ
578 2787 621 2840 tui
644 2803 693 2841 orn.
708 2796 777 2854 ΒΜ;
801 2789 833 2840 tu
855 2796 905 2839 Vll
981 2784 1086 2840 lusisti:

72 2860 213 2930 parietem
230 2858 315 2913 lisisti
333 2869 375 2926 Β,
401 2857 501 2929 (linisti
518 2861 559 2928 m)
631 2863 647 2912 3
667 2857 843 2924 dissimulata
861 2867 893 2911 Β
962 2864 979 2911 4
997 2859 1086 2911 mans·

73 2949 222 3023 scieturB
274 2971 369 3034 spon
382 2967 543 3020 cruentatus
562 2964 626 3020 odd.
642 2966 718 3028 este
772 2964 844 3018 8is:
863 2964 908 3017 bis
923 2973 950 3017 Β
1003 2969 1087 3033 apa-

73 3037 183 3093 ricidiis
200 3047 229 3090 Β
297 3036 385 3091 habui
402 3046 431 3089 Β
508 3041 541 3090 10
564 3036 733 3106 religaverat
750 3045 772 3088 V
831 3035 987 3119 'mulierum
1005 3044 1057 3088 ΒΥ

73 3163 138 3217 illa:
162 3163 219 3216 ista
236 3172 262 3214 J
340 3167 372 3215 11
396 3160 538 3215 feliciorus
557 3170 589 3214 Β
668 3167 701 3214 12
724 3124 907 3215 benefiirltum
925 3169 964 3226 Β,
988 3175 1055 3214 corr.
1071 3170 1089 3211 o

77 3240 110 3288 13
129 3233 369 3304 singularemque:
389 3248 532 3300 -aremque
551 3249 585 3286 ex
602 3239 756 3287 correctura
775 3234 818 3301 (en
836 3229 993 3300 singulae?)
1010 3239 1038 3283 Β

74 3305 182 3360 blande
201 3313 247 3367 My
320 3310 353 3358 14
376 3320 548 3372 quamquam
571 3302 721 3374 diligenter
744 3304 828 3358 deleto
847 3304 942 3371 priore
960 3317 1045 3369 quam
1063 3310 1091 3354 Β

78 3383 109 3432 17
134 3376 188 3430 illa
205 3385 257 3429 BV
335 3380 367 3430 19
390 3374 480 3428 fidelis
499 3385 527 3429 Β
596 3378 662 3429 tuus
681 3384 708 3428 Β
788 3380 821 3428 22
846 3372 1039 3426 desiderentur
1056 3389 1090 3426 eor

76 3450 174 3502 -antur
196 3456 217 3500 V
297 3453 333 3501 24
356 3447 480 3516 quietem
497 3456 526 3499 Β
543 3447 600 3516 (sed
616 3463 684 3503 corr.
701 3447 734 3502 ia
752 3448 780 3520 a)
802 3453 852 3502 MS
942 3450 981 3500 ‘ab
1001 3443 1109 3498 domus

76 3520 244 3574 cadomum
262 3528 295 3571 Β
362 3523 397 3572 27
413 3517 576 3576 interiorem
599 3531 632 3589 Va
648 3523 731 3597 (corr.
746 3523 772 3597 a)

125 3618 280 3665 ommim
288 3625 495 3664 nasammonas
510 3623 546 3667 ed.
562 3626 708 3673 Lshnert.
943 3620 967 3669 ‘2
