2408 3840
143 165 209 228 324
438 161 591 216 lusums
608 161 649 215 In*
664 159 825 215 Mamm
841 159 856 213 I

143 333 235 404 deris,
262 333 297 389 ut
319 331 524 408 interrogeris,
549 332 695 406 expectas.
740 349 802 388 uon
824 329 953 404 erumpis
976 328 1015 387 ab
1039 329 1093 388 illo
1115 347 1155 387 se·

143 424 224 480 creto
248 423 300 477 tuo
322 419 464 479 terribilis
486 421 519 476 in
541 417 713 494 publicum?
736 421 767 478 et
787 419 877 478 bomo
894 417 952 476 filii
967 436 1074 477 cruore
1095 437 1156 495 per·

144 511 227 568 fusus
253 528 314 566 uon
339 509 520 583 proclamas,
546 527 607 566 nou
629 508 700 567 deos
722 509 917 583 hominesque
938 509 1074 581 testaris,
1101 525 1158 565 uou

145 598 253 658 occidis
277 600 308 656 et
328 595 476 656 matrem?
512 598 626 656 scilicet
646 597 793 657 modestia
814 601 846 656 te
868 598 1014 656 scelerum
1031 598 1158 670 tuorum,

145 706 213 746 cum
234 688 361 744 maxime
384 685 477 761 decet,
500 689 531 744 et
552 685 619 745 ideo
640 686 700 745 tibi
717 687 862 762 relinquis
883 685 1023 744 undosis
1043 685 1158 761 quietae
1178 703 1186 743 s

110 777 319 851 spatienuae.
364 777 454 834 miser
476 776 573 851 parcis
595 777 695 849 uxori,
717 775 888 853 coniugales
911 774 982 833 deos
1005 777 1036 832 et
1058 773 1160 832 lectuli

143 868 211 924 iura
236 866 388 923 revereris,
434 883 565 939 oquam
593 883 654 922 non
680 864 771 923 habet
797 883 851 923 nec
876 862 956 939 quod
983 863 1159 922 mentiatur!

213 954 311 1011 Malae
333 955 521 1012 tractationis
544 954 670 1030 agimus.

212 1042 315 1100 Placet
338 1061 422 1118 ergo,
444 1042 569 1114 iudices,
592 1045 628 1100 ut
648 1042 703 1100 illu
724 1059 797 1100 voce
819 1060 878 1116 qua
900 1041 1160 1099 matrimoniorum

145 1133 353 1207 conquerimur
374 1132 512 1204 iniurias,
536 1131 662 1208 gemitu,
690 1149 749 1206 quo
772 1149 931 1206 corporum
954 1129 1188 1203 contumeliaque

145 1221 268 1292 damna,
295 1220 392 1278 cultus
415 1223 446 1278 et
468 1223 592 1297 negatos
619 1220 652 1278 iu
673 1219 826 1296 publicum
848 1218 989 1278 deflemus
1017 1236 1158 1296 egressus,

146 1309 289 1368 orbitates
312 1327 347 1367 ac
368 1308 528 1366 liberorum
551 1327 689 1384 suprema
715 1305 918 1386 plangantur?
963 1307 1038 1383 quid
1060 1311 1159 1367 tamen

146 1399 243 1456 facere
265 1397 357 1455 vultis
379 1400 520 1456 miserum
543 1396 688 1471 dolorem,
716 1399 743 1455 si
764 1415 824 1456 non
845 1395 938 1455 habet
959 1397 1053 1455 aliam
1077 1414 1158 1456 sexus

145 1488 193 1544 hic
216 1487 320 1563 legem,
343 1488 370 1544 si
391 1488 472 1544 iutra
494 1488 569 1545 imis
590 1486 679 1545 huius
700 1487 854 1563 angustias
872 1485 969 1544 omnis
986 1487 1158 1561 nuptiarum

147 1576 268 1650 querela
295 1575 455 1634 constricta
482 1573 547 1634 est?
591 1577 688 1634 mater
710 1594 788 1650 quae
810 1575 846 1633 de
869 1577 965 1633 morte
992 1574 1050 1632 filii
1071 1573 1187 1634 mari-c

146 1667 212 1722 tum
234 1664 331 1721 malae
353 1665 542 1723 tractationis
565 1668 697 1738 accusat,
720 1683 781 1724 non
803 1663 937 1723 vindicat
958 1662 1012 1722 sed
1034 1663 1156 1740 probare

147 1756 287 1812 contenta
309 1755 355 1811 est
377 1753 456 1827 quod
479 1771 539 1811 uon
562 1752 697 1811 debuerit
718 1752 821 1812 occidi.

214 1840 395 1900 Omittamus
417 1843 577 1917 paulisper,
599 1841 721 1916 iudices,
744 1841 881 1900 orbitatis
899 1841 1092 1901 tristissimae
1110 1841 1156 1899 do·

147 1932 249 2004 lorum,
266 1933 346 1989 etin
363 1931 523 2006 parricidio
542 1931 639 1989 malae
657 1931 846 1990 tractationis
863 1929 1022 1990 reddamus
1041 1929 1156 1988 aliunde

147 2038 259 2079 causas.
295 2020 340 2078 ita
363 2038 422 2077 uou
445 2020 524 2078 iuste
547 2022 719 2094 quereretur
740 2037 823 2093 uxor,
847 2021 874 2078 si
896 2019 1023 2079 diceret:
1046 2019 1185 2078 adulter

146 2111 225 2167 rium
248 2109 284 2167 de
306 2128 353 2167 me
376 2109 464 2167 facile
487 2110 654 2184 suspicatus
678 2128 721 2183 es,
749 2109 809 2168 cito
832 2106 1006 2168 credidisti?
1051 2111 1155 2167 matro-

147 2200 224 2257 nalis
246 2198 342 2274 pudor
364 2198 492 2256 tutelam
514 2217 574 2257 nou
597 2216 631 2255 ex
650 2216 704 2256 sua
727 2199 846 2256 tautum
867 2197 1040 2256 innocentia
1061 2197 1156 2269 habet,

146 2288 304 2346 infirmitas
319 2285 414 2368 'huius
433 2305 518 2346 sexus
536 2305 596 2344 non
618 2289 718 2361 potest
734 2290 832 2346 totam
848 2286 1042 2361 inprobitatis
1062 2286 1155 2345 existi-

147 2377 309 2434 mationem
332 2375 435 2434 debere
457 2379 577 2434 tantum
603 2375 734 2434 moribus
759 2377 834 2435 suis:
861 2377 956 2433 omnis
978 2377 1013 2433 iu
1035 2376 1155 2434 feminas

147 2466 231 2524 venit
252 2465 429 2523 maritorum
451 2465 672 2540 praedicatione
694 2465 870 2538 reverentia,
892 2482 994 2523 omues
1013 2477 1185 2524 sermonesn

148 2555 293 2630 originem
321 2553 356 2612 de
378 2554 486 2612 vestris
512 2553 681 2628 pectoribus
708 2552 867 2629 accipiunt
912 2554 1030 2613 tristior
1051 2554 1156 2624 vultis,

149 2643 282 2717 querela,
308 2642 477 2716 fastidium,
507 2644 603 2700 fatum
631 2645 676 2700 est
704 2641 843 2719 coniugii
889 2641 926 2703 de
952 2642 1068 2717 pudore
1095 2660 1156 2718 pro

146 2733 275 2806 nuntiat,
298 2731 393 2789 mittit
414 2734 447 2789 iu
470 2750 522 2791 ora
545 2731 658 2808 populi,
680 2732 777 2789 mittit
797 2733 831 2788 iu
852 2730 979 2790 fabulas.
1015 2732 1073 2790 hoc
1095 2749 1156 2806 pro·

219 2977 234 3025 1
255 2971 348 3041 erupis
367 2985 381 3036 β
475 2951 608 3026 secrdtuo
627 2981 655 3024 Β
672 2958 750 3041 (corr.
765 2975 792 3040 c)
882 2976 900 3023 4
919 2969 1073 3026 occidisset
1090 2982 1112 3024 V

149 3085 259 3131 boum:
279 3095 363 3146 quam
382 3091 418 3143 sd
509 3061 621 3147 bpabis
639 3088 661 3130 V
747 3077 932 3132 Stractiouis
949 3086 985 3145 fl,
1003 3080 1036 3133 ta
1053 3087 1158 3148 scopu!

149 3191 182 3239 10
202 3186 351 3254 conquitur
367 3195 401 3252 Β,
421 3185 600 3253 conqueritur
618 3193 669 3239 cl!
748 3190 780 3239 11
800 3167 943 3256 egressubr
959 3193 982 3236 V
1051 3191 1086 3239 12
1100 3188 1160 3256 post

147 3257 299 3311 liberorum
316 3275 352 3311 er.
371 3257 495 3311 dolorem
512 3266 534 3309 V
605 3262 639 3309 14
657 3256 761 3310 somnis
779 3265 801 3308 V
869 3262 902 3310 15
921 3256 1066 3325 quaerella
1085 3265 1113 3311 Ι

149 3335 181 3382 16
202 3330 315 3382 accusat
332 3327 425 3382 malae
443 3327 650 3391 tractationise
703 3332 737 3383 17
756 3327 886 3382 debuerit
902 3345 937 3382 ex
955 3327 1090 3383 dubuerit
1101 3336 1129 3381 B

149 3400 252 3452 occidit
271 3400 479 3464 dimittamuss
573 3403 605 3453 20
629 3398 820 3472 adssulterium
837 3408 865 3452 n
960 3404 994 3453 21
1019 3399 1159 3470 suspicatu

148 3480 182 3535 B,
202 3487 214 3522 s
232 3481 340 3539 supas
408 3477 441 3525 22
460 3470 548 3523 habet
565 3486 616 3525 om.
635 3480 657 3523 V
716 3475 750 3524 23
767 3470 920 3540 probitatis
940 3470 991 3526 Gr.
1052 3476 1086 3525 27
1104 3469 1159 3524 fac·

146 3541 205 3597 tum
225 3551 247 3596 V
303 3547 336 3599 28
354 3541 433 3598 mitit
451 3551 477 3596 Ρ
529 3540 621 3596 mittit
637 3540 669 3596 iu
685 3540 810 3596 fabulas:
829 3541 974 3612 pervenire
992 3551 1032 3611 ιι,
1048 3558 1158 3599 coma
