2408 3840
135 155 199 218 184
538 153 748 207 GLADIATOR

133 324 286 381 inimicum
309 326 394 380 tuum
413 323 519 382 saltem
538 320 669 397 optasti?
706 324 732 381 si
753 322 934 381 mehercules
953 322 1135 397 inexpiabiles

134 413 269 470 odiorum
301 430 406 470 causae
440 415 469 469 et
501 414 671 487 compositis
704 431 820 487 quoque
848 411 960 471 fabulis
989 413 1136 470 ulteriores

133 501 307 559 inimicitiae
330 501 464 574 fuissent,
488 503 586 558 ausim
607 501 711 574 dicere,
735 503 762 559 si
783 503 905 576 propter
927 501 1014 559 illum
1036 501 1136 559 liberos

133 589 324 664 perdidisses,
353 590 524 664 accipienda
550 592 652 648 tamen
679 592 743 647 erat
766 609 784 648 a
813 590 934 648 fortuna
961 590 1032 648 talis
1060 591 1137 648 salis·

132 680 233 753 factio,
257 680 335 736 certe
358 679 396 736 ad
415 679 568 736 vitandam
590 678 765 738 insolentiae
789 681 959 754 opinionem
982 698 1061 754 quae
1080 678 1135 735 lere
1158 694 1167 734 s

133 768 309 825 immeritam
330 786 445 843 quoque
468 767 634 843 potentiam
655 769 760 843 carpit,
782 787 818 826 ne
837 770 999 844 vagaretur
1021 787 1074 843 per
1094 786 1136 824 ur·

131 857 197 914 bem
225 857 388 915 invidiosus
416 856 580 931 mendicus,
608 860 638 915 et
666 858 845 915 calamitatis
876 859 991 915 auctori
1014 855 1137 915 criminis

80 947 118 1001 19
133 964 222 1004 causa
241 947 348 1023 vulgus
367 940 441 1022 <s>e
460 946 575 1022 gereret
593 945 736 1004 odiosum.
769 947 867 1004 neseio
882 944 1031 1020 quomodo
1048 944 1137 1004 omnis

131 1055 186 1110 pro
205 1034 358 1092 laborante
376 1035 463 1093 favor
482 1040 534 1108 est,
552 1054 606 1093 nec
626 1035 689 1092 ulla
706 1037 880 1110 perpetuam
898 1037 1027 1112 gratiam
1046 1038 1138 1093 servat

132 1123 190 1181 nisi
212 1124 347 1182 modesta
369 1123 501 1182 victuma.
541 1126 643 1182 nostra
665 1123 853 1198 potissimum
876 1123 1033 1182 clementia
1055 1123 1169 1181 susti-10

131 1215 247 1286 neatur,
274 1232 311 1270 ne
334 1212 415 1271 illius
438 1213 492 1270 alii
515 1213 717 1271 misereantur.
764 1213 874 1285 facilis,
899 1214 935 1269 ut
958 1212 1137 1270 animadver-

131 1306 193 1359 tere
216 1320 268 1360 vos
292 1319 387 1376 spero,
410 1301 530 1375 iudices,
553 1301 730 1360 defensionis
748 1319 832 1359 meae
851 1320 952 1360 cursus
973 1304 1024 1359 est.
1061 1303 1137 1359 ante·

132 1409 223 1464 quam
249 1391 390 1465 incipiam
417 1391 525 1448 habere
554 1409 674 1449 causam
701 1392 824 1448 nimium
852 1390 975 1463 bonam,
1004 1389 1053 1448 hic
1081 1391 1138 1448 iam

132 1478 311 1537 conscientia
333 1479 465 1555 trepidat
490 1481 586 1537 oratio
610 1482 640 1537 et
657 1480 740 1537 velut
762 1480 840 1536 inter
856 1478 942 1537 binos
962 1479 1138 1554 deprehensa

132 1568 280 1641 scopuloS,
318 1586 385 1625 oum
418 1568 500 1625 aliud
537 1567 694 1640 obiciatur,
731 1568 813 1625 aliud
846 1567 1062 1627 defendendum
1094 1568 1137 1640 sit,
1150 1583 1171 1624 rs

131 1658 234 1714 haeret
251 1659 284 1714 in
302 1656 404 1714 dubio:
428 1676 494 1715 cum
512 1656 660 1715 beneficiis
678 1657 751 1715 meis
770 1658 941 1731 computare
959 1675 1019 1715 non
1039 1656 1136 1714 audeo.

132 1744 311 1822 cognovistis
326 1746 539 1821 expositionem
553 1764 668 1820 causae,
683 1748 796 1820 quanta
810 1764 957 1820 quamque
973 1744 1138 1804 excedentia

131 1834 218 1891 fidem
247 1834 441 1893 adulescentis
469 1835 575 1910 optimi
602 1837 709 1892 merita
736 1836 926 1892 narraverim.
972 1835 1047 1893 haec
1068 1833 1137 1893 mihi

132 1925 230 1981 omnia
249 1926 311 1981 sine
331 1923 419 1982 dubio
438 1924 488 1981 ille
512 1926 671 1998 praestitit,
695 1924 746 1982 sed
765 1923 836 1999 quid
859 1921 1003 1982 interest?
1027 1923 1138 1981 debitor

130 2012 274 2070 delicatus
303 2031 374 2070 sum.
422 2011 494 2087 quid
522 2012 553 2068 in
575 2013 631 2071 hae
658 2015 743 2087 parte
767 2012 944 2070 defensionis
968 2031 1070 2089 agam,
1096 2014 1171 2070 iu-so

131 2100 232 2160 dices?
255 2101 364 2159 dicam:
387 2103 495 2160 referre
519 2103 647 2178 gratiam
669 2101 817 2160 beneficiis
841 2102 932 2160 volui.
972 2103 1054 2160 itane
1076 2104 1137 2159 tan·

131 2191 197 2248 dem
225 2191 320 2265 aliqui
342 2191 509 2249 mendicare
534 2190 621 2249 amioi
642 2193 757 2266 patrem
781 2209 875 2265 aequo
903 2191 1003 2249 animo
1026 2191 1138 2249 visurus

130 2277 208 2337 fuit?
254 2283 286 2337 at
309 2280 359 2337 ille
382 2300 429 2337 me
452 2279 577 2337 redemit
600 2280 647 2337 cui
670 2280 745 2337 nihil
768 2275 918 2358 debui<t>.
960 2279 1058 2337 dicam
1081 2297 1138 2337 mo·

130 2371 193 2426 veri
215 2387 262 2426 me
286 2369 429 2443 supremis
452 2369 541 2426 amici
564 2371 621 2426 mei
644 2365 800 2442 precihus?
837 2369 956 2446 egregia
975 2386 1047 2427 vero
1066 2387 1138 2427 oom-

202 2571 368 2645 31110111
430 2591 666 2660 4ρθ1ᾶίᾱίεεθ1β
725 2589 904 2644 lcalamilas
927 2599 948 2642 V
1008 2596 1139 2644 Scausaa

133 2672 186 2727 seu
228 2661 325 2732 volgus
340 2671 399 2714 ΒΜ
441 2678 470 2714 se
484 2665 593 2731 gereret
611 2665 720 2731 scripsi:
741 2664 865 2731 egereret
879 2683 913 2728 ως
932 2664 1074 2731 regereret
1092 2674 1108 2714 s

131 2733 258 2786 odiosum
276 2734 385 2801 scripsi:
410 2733 536 2786 odiorum
555 2755 576 2784 ω
649 2739 719 2786 9ne
737 2743 765 2786 Β
816 2731 875 2786 ulla
895 2744 921 2785 s:
941 2732 1030 2786 ullam
1049 2756 1071 2785 ω

131 2807 221 2858 servet
240 2814 275 2871 Μ,
296 2821 363 2859 corr.
378 2826 422 2870 m3
447 2806 568 2858 servaret
587 2818 601 2868 a
687 2809 720 2857 10
739 2804 854 2857 viatoria
871 2812 909 2868 Β,
930 2820 944 2856 e
962 2815 1072 2872 supr.o

132 2883 163 2928 11
183 2876 379 2929 misereantur:
400 2879 496 2929 -antur
513 2879 545 2930 c'a
562 2893 616 2930 ras.
631 2885 659 2928 Β
712 2875 918 2928 animadvetere
938 2875 1018 2944 (-ete-
1037 2877 1069 2928 iu
1088 2891 1138 2928 rus.

130 2983 171 3034 uel
189 2982 381 3052 oblitteratum)
397 2992 427 3050 V,
447 2965 771 3052 1ξ111Π111111111Β1111
784 2998 857 3050 supr.
867 2982 908 3050 m)
965 2986 998 3033 14
1016 2981 1140 3050 trepidat

130 3053 220 3106 oratio
236 3056 264 3106 et
273 3055 364 3108 Desa:
384 3053 536 3122 trepidatio
550 3054 622 3106 ratio
638 3055 666 3105 et
679 3061 739 3119 Βνς
756 3051 898 3123 trepidat}
912 3052 1002 3106 oratio
1017 3055 1047 3106 et
1060 3053 1082 3122 (i
1095 3054 1139 3120 er.)

129 3186 170 3242 n,
190 3178 314 3246 cepnae
328 3180 356 3232 er
369 3178 442 3231 reue
456 3200 487 3230 m
501 3196 585 3248 ssu-9.
603 3189 638 3242 ee
682 3182 713 3229 15
732 3176 890 3247 asseratur
902 3185 924 3229 v
956 3140 1142 3231 serenetur

131 3255 162 3300 16
187 3248 286 3302 dubio:
307 3252 480 3303 olomeo
563 3254 594 3302 17
619 3264 772 3317 quamque:
797 3262 907 3316 quoque
924 3256 952 3300 P
1036 3254 1069 3302 18
1092 3248 1139 3302 ad-

128 3319 341 3373 hulescentisv
407 3326 438 3374 19
457 3319 507 3374 ille
526 3321 588 3373 add.
603 3342 624 3380 11
686 3319 775 3389 {quid
792 3327 820 3371 Β
881 3317 1004 3372 debitor:
1024 3319 1140 3390 dubito}

129 3392 151 3457 (t
170 3394 254 3459 er.).1
324 3397 356 3444 22
377 3390 477 3459 aliqui:
498 3391 620 3459 aliquem
640 3413 661 3442 ω
720 3391 798 3443 visui
814 3399 848 3457 Β,
867 3390 883 3442 i
900 3391 932 3442 iu
949 3407 1004 3445 raa.
1023 3392 1139 3444 alius

129 3467 165 3542 11
182 3460 280 3515 debuit
298 3464 389 3516 Desa:
410 3463 495 3515 debui
513 3485 548 3529 ως
569 3463 653 3517 retuli
674 3475 702 3529 53
726 3461 844 3530 praebui
861 3463 916 3516 Bu.
991 3467 1026 3514 24
1045 3477 1139 3532 supre-

127 3550 193 3585 mis:
210 3534 368 3601 praesumis
387 3543 424 3602 M,
444 3551 476 3587 su
494 3552 567 3603 supr.
583 3555 614 3586 m
