2408 3840
362 117 596 174 DECLAMATIO
615 119 654 174 VI
669 124 780 174 19-20.
1014 120 1077 184 129

63 307 164 364 aequo
190 287 299 347 animo.
344 289 380 346 tu
401 287 496 346 filium
518 290 616 364 prima
639 287 768 347 docuisti
795 288 852 346 sibi
873 308 933 348 non
955 308 1076 365 parcere

62 379 166 454 potius
193 396 285 453 quam
315 378 384 453 plus
414 377 497 452 flere,
529 378 629 453 potius
662 395 752 452 quam
784 377 880 453 ipsam
911 378 1076 438 rescindere

62 469 249 527 caecitatem.
285 467 435 542 profectus
454 470 506 541 est,
524 467 666 525 maritum
684 467 742 525 tibi
758 466 898 529 reddidit.
934 468 1132 543 ocrimen'ffid

60 557 171 634 gravet
206 558 233 615 si
255 557 311 614 hoc
334 557 403 614 ante
426 556 553 629 fecisset,
575 555 699 614 videres.
736 559 769 613 at
790 557 918 614 retinere
941 574 1001 614 non
1023 576 1076 632 po·

32 645 160 705 obusti.
205 664 265 704 non
288 645 384 703 dicam
406 643 476 703 tibi:
498 644 590 702 habet
612 645 708 720 pietas
731 644 877 719 impetum
901 663 999 719 suum,
1023 665 1077 704 nec

60 734 161 793 ullum
183 733 336 793 dominum
353 733 438 792 novit
456 733 602 792 adfectus:
626 752 680 791 nec
699 733 752 791 ille
770 734 870 810 potuit
892 737 922 792 te
940 734 1076 808 retinere,
1133 760 1136 774 ν

60 843 98 883 ne
121 823 217 882 fleres.
259 822 331 882 audi
354 823 433 898 quod
456 824 502 881 est
523 823 630 897 verina,
655 822 737 880 aliud
759 822 886 898 putavit.
928 841 988 881 non
1011 828 1077 882 erat

62 911 205 970 credibile
232 911 351 970 obstare
374 914 405 970 te
432 911 629 987 redemptioni
656 930 748 969 meae.
793 913 1008 987 interpretatus
1032 914 1077 971 est

61 1003 233 1060 maternum
259 1002 386 1074 metum,
413 1003 444 1059 et
470 1000 562 1060 maris
589 999 691 1059 domui
717 1002 837 1059 nostrae
859 1002 937 1059 male
963 1003 1076 1077 experti

26 1089 229 1166 opericulum
248 1089 382 1164 credidit,
404 1091 521 1165 timens,
544 1107 589 1164 ne,
613 1089 639 1148 si
656 1089 714 1147 tibi
731 1109 791 1149 non
809 1089 966 1166 paruisset,
988 1110 1075 1150 nemo
1116 1146 1118 1152 ,

62 1198 122 1238 non
145 1197 200 1238 vos
222 1181 357 1255 putasset
379 1178 544 1238 conludere.
583 1180 713 1237 ceterum
735 1197 783 1237 me
806 1180 925 1254 poterat
947 1198 1007 1238 non
1029 1200 1075 1239 re-

62 1267 188 1344 dimere,
216 1287 282 1327 cum
308 1271 343 1326 tu
371 1268 527 1327 clamares:
560 1261 659 1327 ‘caeca
686 1286 766 1336 sum,
800 1268 900 1327 oculos
928 1268 1074 1328 desiderio

62 1359 120 1416 viri
147 1356 278 1432 perdidi,
306 1357 496 1416 solitudinem
522 1357 599 1416 ferre
622 1375 682 1415 non
706 1352 847 1433 possum'
893 1357 938 1415 ita
960 1357 1012 1416 ille
1036 1358 1075 1416 ad

61 1446 298 1522 redemptionem
328 1465 426 1505 meam
457 1447 625 1505 excusatius
660 1447 811 1521 profectus
844 1449 933 1520 esset,
971 1449 997 1505 si
1027 1467 1075 1506 me

28 1536 161 1596 raminus
184 1533 398 1594 desiderasses?
435 1534 629 1609 dubitabitur,
653 1553 692 1592 an
714 1536 767 1592 tua
786 1553 875 1593 causa
897 1533 1022 1594 fecerit?
1045 1539 1076 1596 et

60 1624 160 1684 filium
182 1627 213 1683 et
234 1626 331 1684 virum
357 1624 466 1682 habere
488 1644 548 1683 non
575 1627 703 1700 poteras.
749 1623 878 1682 reddidit
904 1624 961 1684 tibi
985 1645 1074 1701 quem

61 1713 159 1792 magis
183 1714 311 1773 amabas.
348 1714 419 1772 siste
442 1715 503 1772 iam
525 1714 675 1785 lacrimas,
706 1714 847 1772 maritum
869 1713 1006 1772 reducem
1029 1716 1074 1773 in-

61 1803 209 1862 eolumem
231 1803 338 1878 accipe.
375 1802 448 1878 quid
469 1800 625 1862 irasceris?
662 1821 737 1878 quae
755 1804 843 1861 tanta
860 1805 987 1863 mutatio
1007 1802 1083 1863 est?-

61 1891 128 1967 quis
152 1890 209 1950 hoc
232 1889 382 1950 crederet?
428 1892 559 1966 quereris
582 1891 749 1950 discessisse
773 1911 862 1967 quem
885 1893 983 1968 odist,
1007 1912 1075 1952 cum

25 1999 130 2039 seeum
158 1979 235 2038 nolis
257 1979 368 2038 redisse
392 1998 479 2055 quem
502 1979 610 2057 diligis.
648 1982 754 2056 atquin
777 1981 811 2054 si,
834 1983 870 2039 ut
893 1999 982 2057 supra
1005 2002 1073 2058 pro-

60 2068 213 2143 bavimus,
239 2069 265 2127 is
287 2071 425 2144 parentes
448 2071 480 2127 in
503 2069 674 2128 calamitate
697 2068 806 2128 deserit
829 2071 880 2144 qui
904 2089 990 2146 opem
1013 2090 1073 2129 non

60 2158 133 2232 fert,
162 2159 205 2232 et,
232 2160 267 2216 ut
289 2176 367 2216 nunc
389 2158 589 2232 ostendemus,
617 2157 747 2234 optimus
770 2157 850 2216 filius
874 2176 995 2234 corpore
1018 2178 1072 2218 suo

59 2246 214 2306 adiutoria
235 2247 326 2306 matri
348 2247 487 2320 redemit,
509 2248 642 2322 profecto
666 2265 752 2322 opem
774 2245 859 2320 tulit,
882 2246 914 2303 id
937 2250 989 2322 est,
1012 2267 1073 2306 non

60 2336 202 2395 deseruit.
237 2354 308 2394 nam
327 2337 361 2411 si,
379 2339 415 2394 ut
433 2339 501 2394 ante
516 2336 585 2411 dixi,
606 2336 632 2395 si
645 2354 682 2393 ne
696 2335 824 2412 vestigio
843 2335 963 2410 quidem
977 2336 1072 2395 abisse

24 2444 78 2484 rsa
102 2424 219 2483 miseris
242 2425 320 2500 licet,
342 2444 379 2483 ne
402 2425 534 2501 ipsorum
558 2424 678 2501 quidem
701 2443 790 2483 causa
809 2425 861 2500 qui
884 2424 1072 2500 adiuvantur,

59 2513 211 2572 discedere
233 2514 279 2572 fas
302 2514 367 2588 erit,
389 2534 426 2572 ne
449 2514 530 2574 cibos
553 2516 659 2573 saltem
681 2517 781 2590 petere
805 2519 858 2573 aut
885 2515 946 2574 alia
968 2515 1072 2574 usibus

60 2603 228 2662 necessaria
249 2621 355 2679 parare
379 2603 538 2680 continget.
584 2603 609 2662 si
632 2621 716 2677 vero,
743 2603 815 2661 dum
837 2604 997 2662 adiuvatur
1019 2623 1073 2680 pa-

132 2825 232 2894 tplus
250 2843 301 2880 om.
316 2835 344 2878 Ρ
394 2789 452 2879 fdre
465 2835 493 2878 Β
546 2826 778 2891 3caecitatatem
795 2836 817 2879 V
867 2828 929 2880 dte
943 2827 1037 2895 potuit
1054 2835 1077 2878 V

59 2899 221 2951 suestram
238 2906 277 2963 Β;
299 2898 395 2951 nostra
417 2907 439 2950 V
506 2895 666 2966 experitis
736 2903 769 2951 10
794 2898 837 2967 si}
858 2901 881 2968 (t
899 2898 1006 2952 videtur
1024 2900 1071 2967 er.)

59 2978 91 3022 Ι
161 2984 219 3021 non
241 2984 293 3023 om.
306 2977 365 3021 rm
385 2969 427 3038 (irc
444 2985 543 3038 maro:
563 2967 592 3020 in
612 2967 667 3023 alio
688 2969 809 3023 habetur
828 2986 864 3023 ne
890 2969 914 3022 si
937 2968 990 3022 tibi
1015 2985 1072 3023 non

59 3039 202 3108 paruisset
219 3040 273 3108 m);
291 3055 328 3093 ne
346 3039 402 3093 nisi
419 3039 474 3093 tibi
492 3038 633 3109 paruisset
651 3041 728 3094 Dese.
794 3045 827 3092 13
847 3039 1036 3093 solutudinem
1054 3049 1077 3092 V

60 3117 91 3165 lt
111 3110 219 3165 minus:
238 3110 336 3164 minim
354 3120 389 3175 Β,
407 3121 508 3166 corae
571 3109 717 3165 dubitatur
736 3124 756 3164 o
816 3127 853 3164 an
871 3111 901 3164 id
919 3113 970 3164 tua
988 3120 1021 3163 Β

61 3187 93 3238 18
111 3181 253 3252 mutuatio
271 3191 292 3234 V
355 3188 389 3236 20
408 3181 519 3252 atquin:
539 3184 653 3250 atq3153
673 3183 725 3251 atd
741 3192 774 3235 Β
829 3183 853 3235 si
871 3184 917 3235 ut:
937 3181 1011 3236 sicut
1028 3191 1070 3248 1113

59 3253 191 3311 nieme
251 3253 392 3308 tlhisv
450 3253 662 3307 23redimitn
721 3253 1003 3316 24sine:nerrso

60 3330 93 3379 25
112 3324 255 3391 amissario
273 3335 301 3378 Β
358 3323 418 3395 qui:
438 3324 506 3393 quia
523 3334 551 3377 Β
621 3328 654 3377 26
674 3325 781 3380 discere
800 3334 832 3377 Μ
886 3341 922 3377 ne
941 3323 1017 3377 cibos
1040 3333 1070 3380 V:

59 3431 420 3502 negih0013neccibos
439 3441 505 3496 nso
554 3399 621 3501 peid
639 3441 667 3484 Β
724 3437 756 3484 27
777 3432 921 3500 continget
939 3443 986 3494 rr:
1006 3447 1072 3485 con-

59 3503 154 3574 tingat
173 3523 204 3570 ας
223 3503 361 3574 contingit
378 3517 394 3570 β

112 3601 271 3650 Qmmmr
280 3612 482 3646 nrcnrnsrrorurs
496 3605 530 3648 ed.
543 3607 685 3653 Lehnert.
912 3604 931 3654 ‘l
