2408 3840
368 121 600 177 DECLAMATIO
619 124 671 178 111¹>
684 130 762 177 4-6.
1031 124 1074 189 63

58 295 106 352 liis
129 294 210 352 enim
231 293 404 366 implicitum
427 295 592 367 quempiam
615 297 641 353 ct
663 293 802 361 illectum,
824 295 851 351 si
874 296 939 368 quis
961 311 1075 353 mascu-

61 383 158 440 lorum
172 386 237 441 erat
254 384 476 450 concubitorum,
494 385 557 441 sine
575 384 754 442 cunctatione
771 383 916 456 subepisse
929 387 1074 456 potuerat.

63 472 144 530 miles
175 475 245 530 tuus
275 488 336 530 non
365 472 479 530 crubuit
509 474 632 530 inuitari
663 472 845 540 muneribus,
877 489 936 530 nou
967 473 1076 546 refupit

63 561 187 619 emoliri
219 561 383 629 blmrditiis,
418 578 477 619 nou
513 560 640 635 desposcit
671 561 889 620 remissionibus
920 562 1075 620 subleuari.

36 650 222 709 sanatricis
243 652 342 724 utique
364 652 513 710 caritatem
536 652 562 709 et
583 651 733 724 ingenium
755 651 919 709 aemulatus
944 667 1017 723 auae
1040 650 1075 708 li·

60 740 161 798 bentcr
179 743 206 798 et
223 739 379 798 adhaerere
397 739 534 798 diuitibus
558 743 583 797 et
605 758 625 798 a
641 739 825 813 pauperibus
842 739 913 798 solet
932 738 1076 798 recedere:

60 846 147 902 quem
169 830 300 901 profecto
327 831 354 887 si
375 828 519 901 pudicum
545 830 635 887 nimis
656 829 880 901 praedicavero,
907 829 967 887 sice
994 820 1076 886 satis

60 920 124 990 ipse
152 934 198 975 mc
220 919 369 976 mentitum
396 935 455 976 esse
478 919 621 988 cmdtcor.
666 922 794 985 transeo,
816 919 924 991 inquit,
948 915 1110 975 oblatamb

61 1023 220 1065 muncrum
241 1008 429 1075 uacationem,
452 1010 478 1066 et
500 1006 637 1065 blandius
655 1025 743 1081 quam
761 1007 899 1065 militaris
918 1006 1076 1078 disciplina

25 1111 49 1151 ιο
57 1096 200 1168 postulet,
227 1096 380 1154 adulatum
407 1097 494 1155 militi
521 1096 684 1164 tribunum,
711 1098 869 1169 impercias
897 1088 1076 1168 asperrimas

63 1185 267 1258 expeditiones,
287 1189 321 1242 ut
342 1187 560 1244 remitterentur.
596 1187 641 1243 bis
663 1186 799 1244 inductus
817 1186 899 1244 miles
917 1185 1076 1253 inlecebris,

64 1278 90 1332 et
111 1275 258 1332 auaritiae
279 1291 351 1333 suae
372 1275 563 1333 nibilominus
584 1274 759 1348 illaqueatus
782 1274 916 1347 decipula
934 1274 1076 1347 quamdiu

64 1379 144 1436 spem
164 1363 344 1422 emolmnenti
366 1380 425 1421 non
442 1364 582 1436 perdidit,
605 1363 808 1436 appellationis
827 1364 940 1422 tamdiu
957 1364 1001 1421 cel
1018 1380 1075 1435 pa·

64 1454 167 1511 ticnlcr
188 1453 335 1520 sustinuit,
357 1452 402 1510 oel
419 1469 478 1510 non
495 1453 641 1521 intdlerrit,
663 1455 739 1512 sicut
755 1455 901 1520 mmtitur,
923 1454 1075 1511 iniuriam.

10 1578 13 1615 :
35 1545 91 1599 aet
111 1542 179 1600 licet
197 1541 358 1614 appellatus
375 1558 435 1599 non
451 1543 549 1615 fuerit,
572 1542 708 1601 obscmac
726 1546 822 1601 tamen
838 1543 999 1614 patientiae
1017 1557 1076 1598 non

10 1678 12 1711 ;
67 1631 182 1688 erubuit
209 1634 422 1705 arpumenlum,
452 1634 478 1689 et
504 1632 640 1703 inplesset
665 1633 769 1701 forsan
795 1633 870 1690 uices
900 1632 1020 1698 amasii,
1049 1631 1076 1687 si

10 1724 12 1791 ξ
67 1720 244 1792 corruptoris
261 1736 321 1777 non
339 1719 477 1792 defuisset
494 1721 636 1793 impietas.
672 1721 740 1780 buic
758 1721 792 1781 dc
810 1720 926 1778 tribuno
944 1722 971 1777 si
988 1720 1076 1790 ddcm

10 1802 12 1861 ἱ
67 1811 196 1881 opmteat
208 1808 348 1877 adbiberi,
361 1809 490 1867 Romani
504 1812 586 1884 ciues,
601 1813 628 1869 ct
640 1812 779 1869 orantus
792 1810 898 1868 uiderit
912 1811 1075 1868 uniuersus.

130 1897 223 1956 Nooit
245 1900 349 1967 tamen,
371 1900 529 1970 imperator
550 1917 669 1967 summe,
691 1901 770 1957 nooit
792 1901 975 1958 irreverentis
998 1888 1076 1971 inpe?

37 1988 150 2045 nutum
172 1987 314 2060 peruicax
335 1989 460 2045 oratoris
487 1986 681 2061 defensionem
707 2005 793 2047 suam
820 1989 860 2046 ad
881 1989 1003 2060 plenam
1026 1987 1076 2045 ab·

66 2077 237 2135 solutionem
258 2076 360 2135 militis
380 2079 429 2135 sui
451 2079 549 2158 minus
571 2079 714 2151 suficere,
736 2079 854 2151 ideoque
872 2076 1076 2149 confidentiam

65 2165 237 2223 simulatus:
262 2181 322 2223 non
338 2169 434 2238 potes,
461 2169 568 2238 inam't,
596 2169 721 2240 efficere,
751 2167 810 2225 Gai
832 2167 931 2234 Mari,
956 2168 989 2223 ut
1011 2182 1076 2223 eum

66 2255 137 2326 faeti
159 2255 208 2313 sui
225 2256 390 2327 paeniteat;
417 2258 469 2313 aut
491 2258 567 2314 enim
591 2259 624 2313 ut
649 2258 827 2315 inaocmtcm
855 2254 997 2321 absoloes,
1025 2257 1077 2311 aut

61 2345 170 2416 punies
192 2347 333 2416 iniquam
354 2346 460 2402 uirum.
495 2360 587 2417 porro
610 2346 636 2403 si
659 2346 725 2418 auis
747 2344 857 2402 absoloi
880 2346 1001 2417 quaerat
1022 2344 1076 2400 im-

32 2434 229 2505 nonninus,
256 2435 375 2506 siquis
401 2437 492 2507 rapot,
522 2433 593 2505 quid
620 2451 684 2492 eum
712 2433 795 2492 aliud
822 2435 917 2506 facere
944 2433 1076 2505 fatearis,

65 2539 155 2594 quam
172 2523 331 2580 concisiori
343 2522 509 2580 iudicibus?
545 2524 587 2581 ita
601 2525 706 2596 quippe
720 2524 862 2581 iustitiam
875 2520 1076 2580 misericordia

65 2610 234 2669 moderatur
248 2613 432 2683 attemperat,
449 2615 483 2669 ut
499 2613 730 2684 impaenitentem
748 2613 828 2685 ripor
840 2627 900 2669 non
912 2612 1077 2694 praetereat

138 2813 299 2868 lillactum
317 2832 367 2869 om.
383 2823 417 2868 N
489 2815 631 2870 &limitari
648 2817 689 2871 cel
706 2815 809 2868 mutari
828 2825 869 2882 M3
888 2814 995 2869 imitari
1013 2821 1046 2866 N

65 2893 81 2941 6
97 2903 115 2939 a
128 2903 179 2941 ons.
191 2892 225 2938 N
269 2891 284 2938 9
303 2887 477 2940 vocationem
490 2888 607 2942 codices:
620 2903 730 2942 comm
779 2892 811 2940 10
830 2886 999 2957 postulasset
1013 2892 1046 2937 N

64 2975 226 3029 adulatum:
247 2963 316 3029 adfft
334 2983 367 3028 N
433 2976 585 3046 imperatas
608 2977 640 3029 in
659 2976 759 3030 lacmca
777 2981 796 3030 8
814 2977 855 3031 uel
873 2980 891 3029 9
910 2977 960 3029 litt.
980 2992 1030 3028 om.
1047 2982 1079 3026 a!

66 3054 134 3102 lle
175 3046 328 3100 edictiones
347 3056 379 3100 Μ
448 3053 481 3100 12
499 3046 571 3100 nihil
589 3047 710 3100 hominis
730 3057 752 3099 θ
824 3044 954 3115 decipula
972 3056 1013 3099 M:
1040 3045 1076 3097 de

65 3118 157 3186 discip
171 3119 219 3170 ina
232 3125 273 3185 N3
292 3118 327 3171 de
346 3118 485 3187 discipula
505 3128 527 3170 θ
584 3124 616 3171 13
637 3135 726 3188 spem:
746 3119 838 3186 specie
859 3128 880 3170 θ
935 3116 1075 3170 141111111-

63 3228 111 3278 111
135 3233 201 3290 1ης
227 3224 353 3279 mansur
375 3232 415 3291 ra
441 3224 576 3278 mentitur
598 3226 728 3279 corsuna
801 3230 833 3277 15
858 3188 956 3277 odiens
975 3231 1007 3276 u

63 3299 173 3352 tamen:
199 3311 261 3348 cum
280 3303 314 3348 N
380 3303 412 3350 16
436 3295 554 3349 forsitan
573 3303 606 3348 N
683 3300 715 3348 17
738 3295 859 3365 impetus
879 3302 913 3347 N
989 3299 1021 3347 18
1045 3293 1075 3362 ip

65 3368 139 3421 cives
162 3377 183 3419 θ
202 3367 262 3435 (del.
277 3384 349 3421 man.
364 3369 393 3438 2)
477 3373 508 3421 19
527 3367 606 3420 novit
622 3366 803 3420 irreverentes
823 3376 864 3421 N:
888 3382 990 3419 novum
1008 3365 1075 3419 irre-

63 3438 186 3492 verentis
207 3445 258 3491 No
330 3443 363 3492 20
385 3438 518 3507 peruicax
537 3446 570 3491 N
637 3443 670 3491 23
694 3438 823 3493 absolvas
843 3445 888 3508 Νς
904 3453 968 3493 -aas
988 3447 1010 3490 a

66 3515 101 3563 24
118 3510 222 3563 virum:
241 3525 319 3564 reum
337 3531 368 3562 m
695 3548 697 3550 -
