2408 3840
387 157 619 213 1111111111
637 159 676 213 nr
695 165 789 214 e-ro.
1031 160 1094 226 175

84 328 185 387 dicare
206 328 361 403 parentem
384 346 490 386 meum.
528 330 683 402 sustineas,
707 328 837 401 adiuves,
860 331 991 405 praestes
1012 330 1097 390 affee-

83 420 159 490 tum,
183 418 209 476 si
231 434 353 474 mereor.
398 418 432 474 tu
455 418 495 476 sis
517 417 565 474 illi
587 419 715 476 vicanus
738 413 840 477 meus?
1040 483 1042 487 ¹

151 505 216 564 Nec
238 505 326 580 plura
348 505 465 564 dicendi
487 508 604 582 tempus
627 507 692 564 fuit.
739 507 858 581 iamque
886 526 1024 583 suprema
1046 527 1102 584 per

84 595 205 672 galeam
223 593 360 652 dederam
382 595 491 669 oscula,
514 595 712 672 digressisque
734 597 765 653 in
785 595 934 655 diversum
954 598 1099 656 ministris

60 685 247 760 spermissus
274 682 354 742 Mars
382 685 454 742 erat.
501 702 518 742 o
542 703 632 758 quam
660 684 806 743 sollicitus
833 685 978 760 spectavi!
1010 705 1100 760 quam

85 773 219 832 attonita
241 772 352 830 mente!
378 791 468 848 quam
491 773 583 831 simili
605 775 736 848 corporis
760 774 856 831 motu!
902 776 1039 849 quotiens
1063 774 1102 833 ad

84 863 230 921 infestum
248 879 425 935 mueronem,
449 863 535 936 quasi
552 863 616 936 ipse
633 865 758 937 peterer,
779 882 825 920 me
845 863 991 921 summisi!
1029 882 1099 937 quo-

84 953 164 1010 tiens
189 949 227 1008 ad
250 951 371 1008 conatus
395 952 508 1008 erectus
532 951 609 1009 sum!
647 952 795 1009 omisera
819 953 971 1028 cogitatio,
995 970 1012 1009 o
1036 971 1101 1010 cru-

85 1039 161 1098 delis
186 1040 295 1097 natura
317 1039 425 1099 metus!
454 1040 560 1097 merito
588 1041 636 1113 tu,
663 1042 770 1113 amice,
797 1060 931 1117 pugnare
958 1041 1100 1101 maluisti.

48 1150 73 1190 ro
86 1129 204 1187 facinus
226 1127 382 1204 indignum
404 1129 491 1186 illum
514 1129 659 1202 animum,
682 1129 769 1186 illum
792 1129 928 1188 ardorem
950 1149 1010 1188 non
1033 1149 1101 1189 eon·

86 1219 193 1294 tigisse
216 1219 333 1291 1111111,
360 1236 420 1274 111
447 1216 561 1276 bellicis
585 1217 808 1291 certaminibus,
836 1217 888 1276 ubi
911 1238 983 1277 vera
1005 1221 1101 1277 virtus

87 1306 175 1364 nulla
196 1304 350 1383 pugnandi
371 1305 437 1383 lege
459 1306 788 1380 praeoircumscribitur.
826 1307 935 1382 quavi
955 1307 1102 1384 proelium

86 1395 240 1454 invaserat
265 1394 360 1452 iratus
388 1396 550 1452 etiamnum
576 1398 730 1470 tamquam
759 1394 928 1455 adversario
956 1416 1035 1471 meo,
1065 1396 1102 1454 ad

87 1501 191 1542 omnes
222 1483 350 1558 impetus
383 1483 584 1560 excipiebatur
615 1484 723 1542 callide
755 1486 888 1543 veterani
924 1484 1101 1563 gladiatoris

48 1595 72 1635 rs
87 1575 170 1632 astu:
194 1590 294 1631 omnes
314 1576 436 1631 conatus
455 1575 559 1631 contra
579 1591 609 1630 se
629 1576 721 1631 erant.
758 1592 812 1632 nec
830 1573 982 1633 difficilem
1000 1577 1102 1632 tamen

87 1662 142 1722 sub
166 1661 220 1719 illo
242 1661 417 1736 praesertim
435 1663 659 1721 auctoramento
677 1662 829 1722 habuisset
847 1664 1026 1737 missionem,
1050 1663 1101 1722 sed

87 1751 187 1810 noluit
209 1748 358 1828 gladiator
376 1752 482 1809 vivere.
519 1751 611 1828 igitur
633 1752 694 1809 iam
717 1752 829 1809 nudum
847 1770 952 1828 corpus
971 1753 1101 1811 vulneri-
1139 1775 1141 1778 ’

86 1840 143 1898 bus
158 1838 290 1914 offerens,
308 1841 343 1896 ut
359 1841 456 1897 totam
469 1858 560 1915 prope
579 1838 742 1899 mercedem
758 1840 847 1899 semel
863 1842 999 1916 solveret,
1020 1843 1102 1901 stans

86 1928 187 2005 periit.
233 1930 280 1986 cui
307 1927 395 1986 licuit
420 1929 453 1985 in
479 1929 592 2003 patria,
619 1929 650 1986 in
678 1929 779 2003 domo,
805 1930 885 1988 inter
910 1930 1102 2006 propinquos,

47 2040 73 2079 11
88 2035 192 2078 securo
207 2035 411 2075 consenescere
426 2036 507 2091 aevo,
526 2018 575 2075 cui
592 2017 787 2094 tranquillam
801 2019 863 2077 sine
877 2019 1102 2094 reprehensione

88 2125 178 2185 agera
197 2107 300 2180 vitam,
322 2105 400 2164 iacet
420 2106 568 2165 confectus
587 2106 767 2183 vulneribus,
791 2110 821 2165 et
842 2107 939 2182 primo
962 2109 1100 2166 iuventae

87 2195 161 2254 flore
183 2195 338 2254 fraudatus
360 2195 450 2270 periit
471 2197 561 2254 miser
582 2196 646 2254 fato
664 2214 737 2254 meo.
776 2198 807 2255 at
831 2215 884 2274 ego
904 2196 956 2270 qui
974 2195 1102 2254 debebar

87 2284 135 2342 illi
162 2284 312 2358 fortunae,
341 2303 429 2359 quern
455 2302 534 2343 mors
558 2283 615 2342 sibi
640 2284 853 2357 destinaverat,
881 2287 1003 2343 emissus
1031 2284 1102 2343 ludo

87 2372 243 2432 nocentior
266 2392 355 2447 quam
381 2371 519 2431 venditus
545 2373 635 2431 etiam
657 2373 767 2432 viatico
794 2373 877 2431 illius
905 2372 1033 2432 infelicis
1055 2392 1101 2430 re-

46 2464 198 2524 revertor.
243 2461 412 2536 placeamus
435 2461 505 2520 licet
527 2462 611 2521 nobis
634 2462 754 2521 fortuna
777 2464 887 2536 nostra,
910 2465 1004 2537 pater,
1026 2481 1100 2541 pau·

91 2552 157 2626 peri
179 2549 320 2609 solvendo
343 2570 402 2609 non
425 2569 534 2609 sumus.

158 2639 190 2698 Si
219 2657 277 2714 qua
305 2642 350 2698 est
375 2638 461 2714 fides,
493 2638 616 2715 iudices,
645 2640 737 2714 pudet
763 2659 810 2698 me
838 2641 942 2699 contra
969 2639 1101 2698 indicare
1117 2639 1154 2695 1⁰

88 2747 156 2786 mea
183 2727 336 2804 beneficia,
369 2746 423 2787 nec
450 2727 552 2787 videor
579 2728 663 2787 vobis
692 2728 840 2787 rationem
867 2747 952 2805 posse
981 2728 1102 2787 reddere

163 2943 322 3010 lpraeatet
339 2951 367 2994 Β
437 2941 578 2996 3111111111
599 2951 621 2993 V
688 2941 816 2995 aluerat
833 2952 892 2995 ΒΜ
954 2948 1032 2996 ‘Ima
1050 2959 1101 2996 om.

88 3021 175 3076 urso
243 3013 386 3081 peteretis
458 3018 491 3066 10
518 3012 656 3083 configis}
674 3015 756 3083 (2-3
775 3014 825 3067 litt.
841 3017 888 3082 er.)
907 3023 945 3080 153
970 3013 1102 3082 contigis-

89 3087 133 3138 set
151 3091 173 3135 v
224 3089 257 3137 12
276 3083 582 3152 praecircumscribitm
600 3085 678 3139 Dese.
690 3102 719 3153 p.
731 3089 776 3151 96,
794 3085 828 3151 cf.
845 3090 887 3150 11,
898 3090 926 3138 5:
946 3084 1103 3153 praemium

89 3154 224 3209 scribitur
241 3176 263 3206 ω
280 3161 392 3224 praeter
408 3165 438 3223 1,
461 3157 511 3210 abt
526 3155 738 3224 praescribitur3
761 3156 875 3224 praevia
899 3154 1102 3209 circumscribi-

88 3229 136 3280 tur
153 3225 213 3280 Sca
306 3231 338 3279 13
358 3226 444 3280 etiam
462 3239 552 3291 none
639 3242 714 3280 meo:
734 3227 819 3280 immo
839 3237 875 3294 1³3
899 3235 1031 3294 ymmos

90 3304 124 3352 14
147 3295 239 3350 omnis
257 3306 279 3349 V
355 3303 388 3351 15
411 3297 501 3352 omnis
515 3307 557 3362 Be
638 3303 670 3351 16
693 3297 863 3366 praesentim
885 3307 907 3349 V
984 3295 1101 3351 181111-

89 3384 153 3422 rens
172 3379 195 3420 o
254 3383 353 3438 prope:
373 3383 491 3438 propere
510 3368 582 3436 Sci,
601 3385 715 3439 prome
734 3372 789 3424 Bu.
858 3374 891 3422 21
912 3368 1101 3435 confictus133

89 3440 231 3590 ponfietus
249 3473 291 3533 M,
309 3464 354 3520 vel
373 3465 514 3520 confectus
532 3488 564 3519 m
618 3472 651 3519 24
670 3483 767 3535 quam:
791 3467 867 3535 quod
886 3476 912 3518 P
964 3471 998 3519 28
1017 3465 1102 3519 bene·

109 3553 155 3592 111
172 3550 271 3601 meas
