<?xml version="1.0" encoding="UTF-8"?>
<!DOCTYPE html PUBLIC "-//W3C//DTD XHTML 1.0 Transitional//EN"
    "http://www.w3.org/TR/xhtml1/DTD/xhtml1-transitional.dtd">
<html xmlns="http://www.w3.org/1999/xhtml" xml:lang="en" lang="en">
 <head>
  <title>
</title>
<meta http-equiv="Content-Type" content="text/html;charset=utf-8" />
  <meta name='ocr-system' content='tesseract 3.04.00' />
  <meta name='ocr-capabilities' content='ocr_page ocr_carea ocr_par ocr_line ocrx_word'/>
</head>
<body>
  <div class='ocr_page' id='page_1' title='image "./qvintilianiqvae01quingoog_0355.png"; bbox 0 0 2406 3832; ppageno 0'>
   <div class='ocr_carea' id='block_1_1' title="bbox 130 142 846 206">
    <p class='ocr_par' dir='ltr' id='par_1_1' title="bbox 130 142 846 206">
     <span class='ocr_line' id='line_1_1' title="bbox 130 142 846 206; baseline -0.011 0"><span class='ocrx_word' id='word_1_1' title='bbox 130 142 196 206; x_wconf 75' lang='lat'><strong>320</strong></span> <span class='ocrx_word' id='word_1_2' title='bbox 430 143 580 199; x_wconf 67' lang='lat' dir='ltr'><strong>mulum</strong></span> <span class='ocrx_word' id='word_1_3' title='bbox 598 144 639 198; x_wconf 82' lang='lat' dir='ltr'><strong>IN</strong></span> <span class='ocrx_word' id='word_1_4' title='bbox 656 143 846 198; x_wconf 71' lang='lat' dir='ltr'><strong>nuruum</strong></span> 
     </span>
    </p>
   </div>
   <div class='ocr_carea' id='block_1_2' title="bbox 347 489 923 724">
    <p class='ocr_par' dir='ltr' id='par_1_2' title="bbox 347 489 923 724">
     <span class='ocr_line' id='line_1_2' title="bbox 571 489 702 564; baseline 0 0"><span class='ocrx_word' id='word_1_5' title='bbox 571 489 702 564; x_wconf 61' lang='lat' dir='ltr'><strong>XVIII„</strong></span> 
     </span>
     <span class='ocr_line' id='line_1_3' title="bbox 347 649 923 724; baseline 0.002 -2"><span class='ocrx_word' id='word_1_6' title='bbox 347 649 549 723; x_wconf 80' lang='lat' dir='ltr'>INFAMIS</span> <span class='ocrx_word' id='word_1_7' title='bbox 575 649 631 722; x_wconf 86' lang='lat' dir='ltr'><strong>[N</strong></span> <span class='ocrx_word' id='word_1_8' title='bbox 657 649 866 723; x_wconf 82' lang='lat' dir='ltr'><strong>MATREM</strong></span> <span class='ocrx_word' id='word_1_9' title='bbox 892 650 923 724; x_wconf 93' lang='grc' dir='ltr'><strong>Ι.</strong></span> 
     </span>
    </p>
   </div>
   <div class='ocr_carea' id='block_1_3' title="bbox 128 847 1190 1264">
    <p class='ocr_par' dir='ltr' id='par_1_3' title="bbox 128 847 1190 1264">
     <span class='ocr_line' id='line_1_4' title="bbox 128 847 1149 924; baseline -0.002 -17"><span class='ocrx_word' id='word_1_10' title='bbox 128 849 241 907; x_wconf 61' lang='lat' dir='ltr'><strong>Mirm</strong></span> <span class='ocrx_word' id='word_1_11' title='bbox 274 863 499 906; x_wconf 75' lang='lat' dir='ltr'><strong>umcramome</strong></span> <span class='ocrx_word' id='word_1_12' title='bbox 531 864 581 905; x_wconf 86' lang='lat' dir='ltr'><strong>err</strong></span> <span class='ocrx_word' id='word_1_13' title='bbox 612 864 715 907; x_wconf 77' lang='lat' dir='ltr'><strong>acmo.</strong></span> <span class='ocrx_word' id='word_1_14' title='bbox 761 847 934 924; x_wconf 80' lang='lat' dir='ltr'><strong>Speciceum</strong></span> <span class='ocrx_word' id='word_1_15' title='bbox 961 847 1072 923; x_wconf 86' lang='lat' dir='ltr'><strong>filium,</strong></span> <span class='ocrx_word' id='word_1_16' title='bbox 1102 849 1149 906; x_wconf 90' lang='lat' dir='ltr'><strong>in-</strong></span> 
     </span>
     <span class='ocr_line' id='line_1_5' title="bbox 172 935 1147 1012; baseline 0.001 -17"><span class='ocrx_word' id='word_1_17' title='bbox 172 939 295 1010; x_wconf 83' lang='lat' dir='ltr'><strong>famem,</strong></span> <span class='ocrx_word' id='word_1_18' title='bbox 331 939 488 1012; x_wconf 86' lang='lat' dir='ltr'><strong>tamquam</strong></span> <span class='ocrx_word' id='word_1_19' title='bbox 522 935 670 996; x_wconf 74' lang='lat' dir='ltr'><strong>incestum</strong></span> <span class='ocrx_word' id='word_1_20' title='bbox 701 955 769 996; x_wconf 90' lang='lat' dir='ltr'><strong>cum</strong></span> <span class='ocrx_word' id='word_1_21' title='bbox 804 940 901 997; x_wconf 84' lang='lat' dir='ltr'><strong>matre</strong></span> <span class='ocrx_word' id='word_1_22' title='bbox 936 937 1147 1011; x_wconf 83' lang='lat' dir='ltr'><strong>committeret,</strong></span> 
     </span>
     <span class='ocr_line' id='line_1_6' title="bbox 173 1025 1190 1104; baseline 0.003 -19"><span class='ocrx_word' id='word_1_23' title='bbox 173 1029 260 1104; x_wconf 86' lang='lat' dir='ltr'><strong>pater</strong></span> <span class='ocrx_word' id='word_1_24' title='bbox 286 1025 318 1083; x_wconf 92' lang='lat' dir='ltr'><strong>iu</strong></span> <span class='ocrx_word' id='word_1_25' title='bbox 345 1028 460 1084; x_wconf 86' lang='lat' dir='ltr'><strong>secreta</strong></span> <span class='ocrx_word' id='word_1_26' title='bbox 486 1027 572 1102; x_wconf 73' lang='lat' dir='ltr'><strong>purte</strong></span> <span class='ocrx_word' id='word_1_27' title='bbox 594 1025 699 1085; x_wconf 80' lang='lat' dir='ltr'><strong>domus</strong></span> <span class='ocrx_word' id='word_1_28' title='bbox 726 1028 816 1085; x_wconf 80' lang='lat' dir='ltr'><strong>torsit</strong></span> <span class='ocrx_word' id='word_1_29' title='bbox 838 1028 870 1085; x_wconf 86' lang='lat' dir='ltr'><strong>et</strong></span> <span class='ocrx_word' id='word_1_30' title='bbox 891 1026 1002 1086; x_wconf 88' lang='lat' dir='ltr'><strong>occidit</strong></span> <span class='ocrx_word' id='word_1_31' title='bbox 1028 1027 1060 1084; x_wconf 93' lang='lat' dir='ltr'><strong>in</strong></span> <span class='ocrx_word' id='word_1_32' title='bbox 1083 1029 1146 1085; x_wconf 86' lang='lat' dir='ltr'><strong>tor-</strong></span> <span class='ocrx_word' id='word_1_33' title='bbox 1176 1048 1190 1088; x_wconf 79' lang='lat'><strong>5</strong></span> 
     </span>
     <span class='ocr_line' id='line_1_7' title="bbox 173 1114 1147 1192; baseline 0 -18"><span class='ocrx_word' id='word_1_34' title='bbox 173 1116 290 1174; x_wconf 87' lang='lat' dir='ltr'><strong>mentis.</strong></span> <span class='ocrx_word' id='word_1_35' title='bbox 326 1116 494 1192; x_wconf 86' lang='lat' dir='ltr'><strong>interrogat</strong></span> <span class='ocrx_word' id='word_1_36' title='bbox 512 1114 600 1172; x_wconf 90' lang='lat' dir='ltr'><strong>illum</strong></span> <span class='ocrx_word' id='word_1_37' title='bbox 617 1117 715 1173; x_wconf 84' lang='lat' dir='ltr'><strong>mater</strong></span> <span class='ocrx_word' id='word_1_38' title='bbox 732 1116 805 1191; x_wconf 81' lang='lat' dir='ltr'><strong>quid</strong></span> <span class='ocrx_word' id='word_1_39' title='bbox 823 1135 859 1174; x_wconf 83' lang='lat' dir='ltr'><strong>ex</strong></span> <span class='ocrx_word' id='word_1_40' title='bbox 875 1114 938 1175; x_wconf 86' lang='lat' dir='ltr'><strong>filio</strong></span> <span class='ocrx_word' id='word_1_41' title='bbox 958 1116 1147 1192; x_wconf 87' lang='lat' dir='ltr'><strong>compererit.</strong></span> 
     </span>
     <span class='ocr_line' id='line_1_8' title="bbox 173 1203 930 1264; baseline 0 -1"><span class='ocrx_word' id='word_1_42' title='bbox 173 1205 324 1264; x_wconf 83' lang='lat' dir='ltr'><strong>nolentem</strong></span> <span class='ocrx_word' id='word_1_43' title='bbox 345 1203 443 1263; x_wconf 84' lang='lat' dir='ltr'><strong>dicere</strong></span> <span class='ocrx_word' id='word_1_44' title='bbox 464 1204 562 1262; x_wconf 83' lang='lat' dir='ltr'><strong>malac</strong></span> <span class='ocrx_word' id='word_1_45' title='bbox 585 1205 775 1264; x_wconf 82' lang='lat' dir='ltr'><strong>tractationis</strong></span> <span class='ocrx_word' id='word_1_46' title='bbox 801 1207 930 1264; x_wconf 82' lang='lat' dir='ltr'><strong>accusat</strong></span> 
     </span>
    </p>
   </div>
   <div class='ocr_carea' id='block_1_4' title="bbox 94 1399 1189 2457">
    <p class='ocr_par' dir='ltr' id='par_1_4' title="bbox 94 1399 1189 2457">
     <span class='ocr_line' id='line_1_9' title="bbox 94 1399 1149 1476; baseline 0.002 -20"><span class='ocrx_word' id='word_1_47' title='bbox 94 1402 111 1456; x_wconf 92' lang='lat'>1</span> <span class='ocrx_word' id='word_1_48' title='bbox 198 1399 278 1474; x_wconf 81' lang='lat' dir='ltr'><strong>Etsi,</strong></span> <span class='ocrx_word' id='word_1_49' title='bbox 299 1400 425 1474; x_wconf 87' lang='lat' dir='ltr'><strong>iudices,</strong></span> <span class='ocrx_word' id='word_1_50' title='bbox 448 1399 657 1459; x_wconf 79' lang='lat' dir='ltr'><strong>callidissimus</strong></span> <span class='ocrx_word' id='word_1_51' title='bbox 679 1400 831 1476; x_wconf 82' lang='lat' dir='ltr'><strong>parricida</strong></span> <span class='ocrx_word' id='word_1_52' title='bbox 853 1400 970 1461; x_wconf 84' lang='lat' dir='ltr'><strong>facinus</strong></span> <span class='ocrx_word' id='word_1_53' title='bbox 993 1419 1081 1460; x_wconf 86' lang='lat' dir='ltr'><strong>suum</strong></span> <span class='ocrx_word' id='word_1_54' title='bbox 1104 1401 1149 1459; x_wconf 85' lang='lat' dir='ltr'><strong>sic</strong></span> 
     </span>
     <span class='ocr_line' id='line_1_10' title="bbox 129 1487 1148 1563; baseline 0 -16"><span class='ocrx_word' id='word_1_55' title='bbox 129 1487 288 1563; x_wconf 81' lang='lat' dir='ltr'><strong>ordinavit,</strong></span> <span class='ocrx_word' id='word_1_56' title='bbox 310 1491 345 1547; x_wconf 88' lang='lat' dir='ltr'><strong>ut</strong></span> <span class='ocrx_word' id='word_1_57' title='bbox 367 1488 452 1548; x_wconf 82' lang='lat' dir='ltr'><strong>vobis</strong></span> <span class='ocrx_word' id='word_1_58' title='bbox 474 1491 601 1549; x_wconf 86' lang='lat' dir='ltr'><strong>matrem</strong></span> <span class='ocrx_word' id='word_1_59' title='bbox 623 1488 735 1548; x_wconf 82' lang='lat' dir='ltr'><strong>iaceret</strong></span> <span class='ocrx_word' id='word_1_60' title='bbox 756 1491 898 1563; x_wconf 78' lang='lat' dir='ltr'><strong>inrisam,</strong></span> <span class='ocrx_word' id='word_1_61' title='bbox 921 1490 984 1549; x_wconf 85' lang='lat' dir='ltr'><strong>sive</strong></span> <span class='ocrx_word' id='word_1_62' title='bbox 1006 1489 1148 1549; x_wconf 80' lang='lat' dir='ltr'><strong>dissimu-</strong></span> 
     </span>
     <span class='ocr_line' id='line_1_11' title="bbox 129 1577 1189 1655; baseline 0.006 -20"><span class='ocrx_word' id='word_1_63' title='bbox 129 1578 207 1635; x_wconf 89' lang='lat' dir='ltr'><strong>laret</strong></span> <span class='ocrx_word' id='word_1_64' title='bbox 232 1579 340 1637; x_wconf 81' lang='lat' dir='ltr'><strong>mirera</strong></span> <span class='ocrx_word' id='word_1_65' title='bbox 366 1580 493 1637; x_wconf 83' lang='lat' dir='ltr'><strong>mortem</strong></span> <span class='ocrx_word' id='word_1_66' title='bbox 519 1577 577 1636; x_wconf 87' lang='lat' dir='ltr'><strong>filii</strong></span> <span class='ocrx_word' id='word_1_67' title='bbox 603 1578 663 1654; x_wconf 87' lang='lat' dir='ltr'><strong>sui,</strong></span> <span class='ocrx_word' id='word_1_68' title='bbox 690 1580 752 1637; x_wconf 84' lang='lat' dir='ltr'><strong>sive</strong></span> <span class='ocrx_word' id='word_1_69' title='bbox 782 1580 968 1655; x_wconf 78' lang='lat' dir='ltr'><strong>quereretur,</strong></span> <span class='ocrx_word' id='word_1_70' title='bbox 999 1581 1147 1654; x_wconf 88' lang='lat' dir='ltr'><strong>tantaque</strong></span> <span class='ocrx_word' id='word_1_71' title='bbox 1163 1601 1189 1641; x_wconf 84' lang='grc' dir='ltr'><strong>ιο</strong></span> 
     </span>
     <span class='ocr_line' id='line_1_12' title="bbox 129 1666 1148 1743; baseline 0.003 -18"><span class='ocrx_word' id='word_1_72' title='bbox 129 1668 329 1726; x_wconf 87' lang='lat' dir='ltr'><strong>monstrorum</strong></span> <span class='ocrx_word' id='word_1_73' title='bbox 350 1668 485 1727; x_wconf 85' lang='lat' dir='ltr'><strong>novitate</strong></span> <span class='ocrx_word' id='word_1_74' title='bbox 507 1666 722 1727; x_wconf 82' lang='lat' dir='ltr'><strong>circumdatam</strong></span> <span class='ocrx_word' id='word_1_75' title='bbox 741 1686 775 1726; x_wconf 86' lang='lat' dir='ltr'><strong>eo</strong></span> <span class='ocrx_word' id='word_1_76' title='bbox 797 1667 945 1743; x_wconf 71' lang='lat' dir='ltr'><strong>perduxit,</strong></span> <span class='ocrx_word' id='word_1_77' title='bbox 968 1670 1003 1726; x_wconf 91' lang='lat' dir='ltr'><strong>ut</strong></span> <span class='ocrx_word' id='word_1_78' title='bbox 1020 1669 1079 1728; x_wconf 86' lang='lat' dir='ltr'><strong>sibi</strong></span> <span class='ocrx_word' id='word_1_79' title='bbox 1103 1670 1148 1728; x_wconf 82' lang='lat' dir='ltr'><strong>vi-</strong></span> 
     </span>
     <span class='ocr_line' id='line_1_13' title="bbox 129 1756 1148 1834; baseline 0.001 -20"><span class='ocrx_word' id='word_1_80' title='bbox 129 1756 236 1814; x_wconf 88' lang='lat' dir='ltr'><strong>deatur</strong></span> <span class='ocrx_word' id='word_1_81' title='bbox 256 1757 455 1816; x_wconf 77' lang='lat' dir='ltr'><strong>infameturus</strong></span> <span class='ocrx_word' id='word_1_82' title='bbox 477 1758 588 1816; x_wconf 89' lang='lat' dir='ltr'><strong>iterum</strong></span> <span class='ocrx_word' id='word_1_83' title='bbox 605 1758 654 1816; x_wconf 82' lang='lat' dir='ltr'><strong>vel</strong></span> <span class='ocrx_word' id='word_1_84' title='bbox 674 1757 852 1834; x_wconf 88' lang='lat' dir='ltr'><strong>patientiam</strong></span> <span class='ocrx_word' id='word_1_85' title='bbox 874 1759 1009 1817; x_wconf 85' lang='lat' dir='ltr'><strong>nostram</strong></span> <span class='ocrx_word' id='word_1_86' title='bbox 1025 1758 1076 1816; x_wconf 85' lang='lat' dir='ltr'><strong>vel</strong></span> <span class='ocrx_word' id='word_1_87' title='bbox 1095 1757 1148 1816; x_wconf 84' lang='lat' dir='ltr'><strong>‹lc-</strong></span> 
     </span>
     <span class='ocr_line' id='line_1_14' title="bbox 129 1840 1149 1924; baseline 0.002 -22"><span class='ocrx_word' id='word_1_88' title='bbox 129 1845 235 1904; x_wconf 89' lang='lat' dir='ltr'><strong>lorem:</strong></span> <span class='ocrx_word' id='word_1_89' title='bbox 257 1846 349 1904; x_wconf 87' lang='lat' dir='ltr'><strong>matri</strong></span> <span class='ocrx_word' id='word_1_90' title='bbox 366 1847 476 1921; x_wconf 80' lang='lat' dir='ltr'><strong>tamen,</strong></span> <span class='ocrx_word' id='word_1_91' title='bbox 498 1840 572 1924; x_wconf 75' lang='lat' dir='ltr'><strong>(iu)</strong></span> <span class='ocrx_word' id='word_1_92' title='bbox 590 1847 674 1904; x_wconf 89' lang='lat' dir='ltr'><strong>cuiue</strong></span> <span class='ocrx_word' id='word_1_93' title='bbox 692 1845 914 1906; x_wconf 73' lang='lat' dir='ltr'><strong>calamitatibus</strong></span> <span class='ocrx_word' id='word_1_94' title='bbox 932 1866 970 1905; x_wconf 89' lang='lat' dir='ltr'><strong>ne</strong></span> <span class='ocrx_word' id='word_1_95' title='bbox 987 1847 1149 1905; x_wconf 89' lang='lat' dir='ltr'><strong>minimum</strong></span> 
     </span>
     <span class='ocr_line' id='line_1_15' title="bbox 130 1934 1147 2013; baseline 0.001 -20"><span class='ocrx_word' id='word_1_96' title='bbox 130 1934 189 1993; x_wconf 89' lang='lat' dir='ltr'><strong>sibi</strong></span> <span class='ocrx_word' id='word_1_97' title='bbox 210 1934 345 1993; x_wconf 83' lang='lat' dir='ltr'><strong>vindicat</strong></span> <span class='ocrx_word' id='word_1_98' title='bbox 367 1934 479 1994; x_wconf 89' lang='lat' dir='ltr'><strong>orbitas</strong></span> <span class='ocrx_word' id='word_1_99' title='bbox 507 1935 618 2010; x_wconf 83' lang='lat' dir='ltr'><strong>locum,</strong></span> <span class='ocrx_word' id='word_1_100' title='bbox 644 1934 712 1994; x_wconf 86' lang='lat' dir='ltr'><strong>ideo</strong></span> <span class='ocrx_word' id='word_1_101' title='bbox 736 1935 848 1995; x_wconf 82' lang='lat' dir='ltr'><strong>advos</strong></span> <span class='ocrx_word' id='word_1_102' title='bbox 875 1934 1049 2013; x_wconf 81' lang='lat' dir='ltr'><strong>fugiendum</strong></span> <span class='ocrx_word' id='word_1_103' title='bbox 1077 1937 1147 2010; x_wconf 85' lang='lat' dir='ltr'><strong>fuit,</strong></span> 
     </span>
     <span class='ocr_line' id='line_1_16' title="bbox 129 2023 1184 2103; baseline 0.001 -20"><span class='ocrx_word' id='word_1_104' title='bbox 129 2028 164 2083; x_wconf 88' lang='lat' dir='ltr'><strong>ut</strong></span> <span class='ocrx_word' id='word_1_105' title='bbox 186 2024 301 2083; x_wconf 78' lang='lat' dir='ltr'><strong>sciretis</strong></span> <span class='ocrx_word' id='word_1_106' title='bbox 323 2042 383 2082; x_wconf 92' lang='lat' dir='ltr'><strong>non</strong></span> <span class='ocrx_word' id='word_1_107' title='bbox 410 2023 458 2082; x_wconf 89' lang='lat' dir='ltr'><strong>illi</strong></span> <span class='ocrx_word' id='word_1_108' title='bbox 478 2025 628 2099; x_wconf 86' lang='lat' dir='ltr'><strong>praestari</strong></span> <span class='ocrx_word' id='word_1_109' title='bbox 650 2024 730 2099; x_wconf 86' lang='lat' dir='ltr'><strong>quod</strong></span> <span class='ocrx_word' id='word_1_110' title='bbox 757 2026 838 2084; x_wconf 82' lang='lat' dir='ltr'><strong>tacet</strong></span> <span class='ocrx_word' id='word_1_111' title='bbox 863 2026 999 2083; x_wconf 86' lang='lat' dir='ltr'><strong>maritus.</strong></span> <span class='ocrx_word' id='word_1_112' title='bbox 1043 2024 1147 2103; x_wconf 79' lang='lat' dir='ltr'><strong>laude,</strong></span> <span class='ocrx_word' id='word_1_113' title='bbox 1161 2045 1184 2086; x_wconf 82' lang='lat' dir='ltr'><strong>u</strong></span> 
     </span>
     <span class='ocr_line' id='line_1_17' title="bbox 129 2112 1148 2190; baseline 0.001 -19"><span class='ocrx_word' id='word_1_114' title='bbox 129 2113 252 2188; x_wconf 84' lang='lat' dir='ltr'><strong>iudices,</strong></span> <span class='ocrx_word' id='word_1_115' title='bbox 274 2112 364 2172; x_wconf 84' lang='lat' dir='ltr'><strong>leudo</strong></span> <span class='ocrx_word' id='word_1_116' title='bbox 382 2113 522 2172; x_wconf 86' lang='lat' dir='ltr'><strong>miseram</strong></span> <span class='ocrx_word' id='word_1_117' title='bbox 541 2112 620 2189; x_wconf 87' lang='lat' dir='ltr'><strong>quod</strong></span> <span class='ocrx_word' id='word_1_118' title='bbox 637 2115 822 2190; x_wconf 86' lang='lat' dir='ltr'><strong>interrogare</strong></span> <span class='ocrx_word' id='word_1_119' title='bbox 840 2114 938 2172; x_wconf 87' lang='lat' dir='ltr'><strong>noluit</strong></span> <span class='ocrx_word' id='word_1_120' title='bbox 956 2113 1046 2188; x_wconf 82' lang='lat' dir='ltr'><strong>domi,</strong></span> <span class='ocrx_word' id='word_1_121' title='bbox 1066 2113 1148 2190; x_wconf 87' lang='lat' dir='ltr'><strong>quod</strong></span> 
     </span>
     <span class='ocr_line' id='line_1_18' title="bbox 129 2201 1147 2281; baseline 0.001 -20"><span class='ocrx_word' id='word_1_122' title='bbox 129 2203 206 2261; x_wconf 86' lang='lat' dir='ltr'><strong>nihil</strong></span> <span class='ocrx_word' id='word_1_123' title='bbox 227 2201 300 2262; x_wconf 88' lang='lat' dir='ltr'><strong>fecit</strong></span> <span class='ocrx_word' id='word_1_124' title='bbox 322 2203 441 2281; x_wconf 85' lang='lat' dir='ltr'><strong>etipsa</strong></span> <span class='ocrx_word' id='word_1_125' title='bbox 463 2206 584 2262; x_wconf 82' lang='lat' dir='ltr'><strong>secreto.</strong></span> <span class='ocrx_word' id='word_1_126' title='bbox 628 2201 678 2261; x_wconf 89' lang='lat' dir='ltr'><strong>hic</strong></span> <span class='ocrx_word' id='word_1_127' title='bbox 700 2221 800 2261; x_wconf 85' lang='lat' dir='ltr'><strong>coram</strong></span> <span class='ocrx_word' id='word_1_128' title='bbox 822 2203 958 2277; x_wconf 85' lang='lat' dir='ltr'><strong>civitate,</strong></span> <span class='ocrx_word' id='word_1_129' title='bbox 985 2220 1087 2262; x_wconf 89' lang='lat' dir='ltr'><strong>coram</strong></span> <span class='ocrx_word' id='word_1_130' title='bbox 1109 2204 1147 2262; x_wconf 89' lang='lat' dir='ltr'><strong>li·</strong></span> 
     </span>
     <span class='ocr_line' id='line_1_19' title="bbox 129 2290 1146 2367; baseline 0.001 -17"><span class='ocrx_word' id='word_1_131' title='bbox 129 2291 207 2351; x_wconf 85' lang='lat' dir='ltr'><strong>beris</strong></span> <span class='ocrx_word' id='word_1_132' title='bbox 226 2311 261 2351; x_wconf 88' lang='lat' dir='ltr'><strong>ac</strong></span> <span class='ocrx_word' id='word_1_133' title='bbox 278 2291 452 2367; x_wconf 85' lang='lat' dir='ltr'><strong>parentibus</strong></span> <span class='ocrx_word' id='word_1_134' title='bbox 473 2294 512 2367; x_wconf 85' lang='lat' dir='ltr'><strong>et,</strong></span> <span class='ocrx_word' id='word_1_135' title='bbox 529 2292 602 2351; x_wconf 90' lang='lat' dir='ltr'><strong>licet</strong></span> <span class='ocrx_word' id='word_1_136' title='bbox 624 2290 812 2352; x_wconf 84' lang='lat' dir='ltr'><strong>dissimulare</strong></span> <span class='ocrx_word' id='word_1_137' title='bbox 829 2291 980 2366; x_wconf 78' lang='lat' dir='ltr'><strong>parricida</strong></span> <span class='ocrx_word' id='word_1_138' title='bbox 997 2291 1146 2367; x_wconf 86' lang='lat' dir='ltr'><strong>videatm·‚</strong></span> 
     </span>
     <span class='ocr_line' id='line_1_20' title="bbox 130 2380 1145 2457; baseline 0.001 -17"><span class='ocrx_word' id='word_1_139' title='bbox 130 2400 230 2440; x_wconf 85' lang='lat' dir='ltr'><strong>coram</strong></span> <span class='ocrx_word' id='word_1_140' title='bbox 256 2399 374 2439; x_wconf 89' lang='lat' dir='ltr'><strong>rumore</strong></span> <span class='ocrx_word' id='word_1_141' title='bbox 397 2383 493 2440; x_wconf 84' lang='lat' dir='ltr'><strong>mater</strong></span> <span class='ocrx_word' id='word_1_142' title='bbox 518 2382 647 2456; x_wconf 82' lang='lat' dir='ltr'><strong>inquirit</strong></span> <span class='ocrx_word' id='word_1_143' title='bbox 668 2380 741 2457; x_wconf 87' lang='lat' dir='ltr'><strong>quid</strong></span> <span class='ocrx_word' id='word_1_144' title='bbox 767 2383 923 2440; x_wconf 88' lang='lat' dir='ltr'><strong>tormentis</strong></span> <span class='ocrx_word' id='word_1_145' title='bbox 950 2382 1033 2440; x_wconf 90' lang='lat' dir='ltr'><strong>unici</strong></span> <span class='ocrx_word' id='word_1_146' title='bbox 1055 2400 1145 2457; x_wconf 87' lang='lat' dir='ltr'><strong>quac·</strong></span> 
     </span>
    </p>
   </div>
   <div class='ocr_carea' id='block_1_5' title="bbox 129 2532 1149 2918">
    <p class='ocr_par' dir='ltr' id='par_1_5' title="bbox 129 2532 1149 2918">
     <span class='ocr_line' id='line_1_21' title="bbox 201 2532 1075 2601; baseline 0.001 -16"><span class='ocrx_word' id='word_1_147' title='bbox 201 2538 218 2586; x_wconf 76' lang='lat'>2</span> <span class='ocrx_word' id='word_1_148' title='bbox 243 2532 356 2586; x_wconf 77' lang='lat' dir='ltr'><strong>titulum</strong></span> <span class='ocrx_word' id='word_1_149' title='bbox 380 2533 508 2587; x_wconf 70' lang='lat' dir='ltr'><strong>omimcm</strong></span> <span class='ocrx_word' id='word_1_150' title='bbox 532 2533 669 2601; x_wconf 68' lang='lat' dir='ltr'><strong>supplevit</strong></span> <span class='ocrx_word' id='word_1_151' title='bbox 693 2547 794 2586; x_wconf 77' lang='lat' dir='ltr'><strong>munuc</strong></span> <span class='ocrx_word' id='word_1_152' title='bbox 817 2533 921 2586; x_wconf 68' lang='lat' dir='ltr'><strong>camuli</strong></span> <span class='ocrx_word' id='word_1_153' title='bbox 945 2533 1025 2586; x_wconf 88' lang='lat' dir='ltr'><strong>XIX</strong></span> <span class='ocrx_word' id='word_1_154' title='bbox 1045 2541 1075 2585; x_wconf 75' lang='grc' dir='ltr'>Ι</span> 
     </span>
     <span class='ocr_line' id='line_1_22' title="bbox 130 2601 1145 2672; baseline 0.001 -15"><span class='ocrx_word' id='word_1_155' title='bbox 130 2610 146 2657; x_wconf 83' lang='grc'>3</span> <span class='ocrx_word' id='word_1_156' title='bbox 160 2603 237 2657; x_wconf 84' lang='lat' dir='ltr'><strong>Male</strong></span> <span class='ocrx_word' id='word_1_157' title='bbox 245 2601 423 2657; x_wconf 81' lang='lat' dir='ltr'><strong>tractationis</strong></span> <span class='ocrx_word' id='word_1_158' title='bbox 437 2603 475 2657; x_wconf 85' lang='lat' dir='ltr'><strong>eit</strong></span> <span class='ocrx_word' id='word_1_159' title='bbox 484 2603 566 2657; x_wconf 88' lang='lat' dir='ltr'><strong>actio.</strong></span> <span class='ocrx_word' id='word_1_160' title='bbox 589 2602 748 2672; x_wconf 75' lang='lat' dir='ltr'><strong>spetiosum</strong></span> <span class='ocrx_word' id='word_1_161' title='bbox 762 2602 852 2656; x_wconf 88' lang='lat' dir='ltr'><strong>filium</strong></span> <span class='ocrx_word' id='word_1_162' title='bbox 860 2602 1002 2658; x_wconf 86' lang='lat' dir='ltr'><strong>infamem.</strong></span> <span class='ocrx_word' id='word_1_163' title='bbox 1022 2603 1145 2672; x_wconf 80' lang='lat' dir='ltr'><strong>lthuire</strong></span> 
     </span>
     <span class='ocr_line' id='line_1_23' title="bbox 129 2673 1149 2746; baseline -0.002 -16"><span class='ocrx_word' id='word_1_164' title='bbox 129 2675 162 2730; x_wconf 92' lang='lat' dir='ltr'><strong>In</strong></span> <span class='ocrx_word' id='word_1_165' title='bbox 181 2673 304 2729; x_wconf 81' lang='lat' dir='ltr'><strong>secunda</strong></span> <span class='ocrx_word' id='word_1_166' title='bbox 321 2673 405 2728; x_wconf 85' lang='lat' dir='ltr'><strong>Parte</strong></span> <span class='ocrx_word' id='word_1_167' title='bbox 423 2673 507 2727; x_wconf 82' lang='lat' dir='ltr'><strong>huius</strong></span> <span class='ocrx_word' id='word_1_168' title='bbox 525 2675 618 2744; x_wconf 82' lang='lat' dir='ltr'><strong>operis</strong></span> <span class='ocrx_word' id='word_1_169' title='bbox 635 2674 723 2729; x_wconf 75' lang='lat' dir='ltr'><strong>micio</strong></span> <span class='ocrx_word' id='word_1_170' title='bbox 737 2674 816 2742; x_wconf 73' lang='lat' dir='ltr'><strong>picta</strong></span> <span class='ocrx_word' id='word_1_171' title='bbox 834 2677 931 2730; x_wconf 79' lang='lat' dir='ltr'><strong>mniccc</strong></span> <span class='ocrx_word' id='word_1_172' title='bbox 949 2681 1110 2746; x_wconf 71' lang='lat' dir='ltr'><strong>arqmneutc</strong></span> <span class='ocrx_word' id='word_1_173' title='bbox 1128 2685 1149 2728; x_wconf 75' lang='lat' dir='ltr'><strong><em>V</em></strong></span> 
     </span>
     <span class='ocr_line' id='line_1_24' title="bbox 131 2753 1145 2834; baseline 0 -15"><span class='ocrx_word' id='word_1_174' title='bbox 131 2764 208 2819; x_wconf 83' lang='lat' dir='ltr'><strong>accio</strong></span> <span class='ocrx_word' id='word_1_175' title='bbox 227 2772 255 2816; x_wconf 81' lang='lat' dir='ltr'><em>B</em></span> <span class='ocrx_word' id='word_1_176' title='bbox 325 2768 341 2815; x_wconf 82' lang='grc'><strong>6</strong></span> <span class='ocrx_word' id='word_1_177' title='bbox 361 2764 497 2832; x_wconf 87' lang='lat' dir='ltr'><strong>comperit</strong></span> <span class='ocrx_word' id='word_1_178' title='bbox 515 2772 549 2817; x_wconf 73' lang='grc' dir='ltr'><em>Μ</em></span> <span class='ocrx_word' id='word_1_179' title='bbox 622 2769 637 2818; x_wconf 76' lang='grc'><strong>7</strong></span> <span class='ocrx_word' id='word_1_180' title='bbox 656 2772 690 2817; x_wconf 77' lang='grc' dir='ltr'><em>Μ</em></span> <span class='ocrx_word' id='word_1_181' title='bbox 706 2763 771 2817; x_wconf 82' lang='lat' dir='ltr'><strong>add.</strong></span> <span class='ocrx_word' id='word_1_182' title='bbox 789 2765 877 2818; x_wconf 73' lang='lat' dir='ltr'><strong>micio</strong></span> <span class='ocrx_word' id='word_1_183' title='bbox 894 2767 998 2834; x_wconf 59' lang='lat' dir='ltr'><strong>erupta</strong></span> <span class='ocrx_word' id='word_1_184' title='bbox 1014 2753 1145 2819; x_wconf 65' lang='lat' dir='ltr'>EXPLIU</span> 
     </span>
     <span class='ocr_line' id='line_1_25' title="bbox 130 2834 1145 2918; baseline 0 -11"><span class='ocrx_word' id='word_1_185' title='bbox 130 2834 319 2907; x_wconf 73' lang='lat' dir='ltr'><strong>luerunt.</strong></span> <span class='ocrx_word' id='word_1_186' title='bbox 335 2841 433 2906; x_wconf 73' lang='lat' dir='ltr'><strong>mcii</strong></span> <span class='ocrx_word' id='word_1_187' title='bbox 442 2841 501 2906; x_wconf 73' lang='lat' dir='ltr'><strong>nur</strong></span> <span class='ocrx_word' id='word_1_188' title='bbox 510 2852 559 2907; x_wconf 85' lang='lat' dir='ltr'><strong>uu</strong></span> <span class='ocrx_word' id='word_1_189' title='bbox 569 2839 730 2918; x_wconf 72' lang='lat' dir='ltr'><strong>munuc</strong></span> <span class='ocrx_word' id='word_1_190' title='bbox 740 2837 884 2906; x_wconf 68' lang='lat' dir='ltr'><strong>marri</strong></span> <span class='ocrx_word' id='word_1_191' title='bbox 896 2852 1060 2908; x_wconf 76' lang='lat' dir='ltr'><strong>Accvsnr</strong></span> <span class='ocrx_word' id='word_1_192' title='bbox 1070 2841 1145 2907; x_wconf 60' lang='grc' dir='ltr'><strong>εῖτ</strong></span> 
     </span>
    </p>
   </div>
   <div class='ocr_carea' id='block_1_6' title="bbox 130 2929 1144 3151">
    <p class='ocr_par' dir='ltr' id='par_1_6' title="bbox 130 2929 1144 3151">
     <span class='ocr_line' id='line_1_26' title="bbox 130 2929 1144 3028; baseline -0.001 -31"><span class='ocrx_word' id='word_1_193' title='bbox 130 2929 263 3028; x_wconf 63' lang='lat' dir='ltr'><strong>nourr}</strong></span> <span class='ocrx_word' id='word_1_194' title='bbox 277 2940 497 3026; x_wconf 27' lang='lat' dir='ltr'><strong>rmulcnvsn</strong></span> <span class='ocrx_word' id='word_1_195' title='bbox 514 2940 618 2994; x_wconf 78' lang='lat' dir='ltr'>XVIIII</span> <span class='ocrx_word' id='word_1_196' title='bbox 710 2940 803 3010; x_wconf 83' lang='lat' dir='ltr'><strong>prima</strong></span> <span class='ocrx_word' id='word_1_197' title='bbox 820 2957 886 3010; x_wconf 84' lang='lat' dir='ltr'><strong>pare</strong></span> <span class='ocrx_word' id='word_1_198' title='bbox 904 2943 1061 2998; x_wconf 74' lang='lat' dir='ltr'><strong>rubricator</strong></span> <span class='ocrx_word' id='word_1_199' title='bbox 1078 2944 1144 2998; x_wconf 78' lang='lat' dir='ltr'><strong>add.</strong></span> 
     </span>
     <span class='ocr_line' id='line_1_27' title="bbox 130 3018 1144 3151; baseline -0.002 -12"><span class='ocrx_word' id='word_1_200' title='bbox 130 3031 162 3069; x_wconf 63' lang='lat' dir='ltr'><em>m</em></span> <span class='ocrx_word' id='word_1_201' title='bbox 180 3018 491 3139; x_wconf 43' lang='lat' dir='ltr'><strong>mgrqqsica-qtqqdiqg&#39;ffi</strong></span> <span class='ocrx_word' id='word_1_202' title='bbox 513 3085 544 3138; x_wconf 76' lang='lat' dir='ltr'><strong>irc</strong></span> <span class='ocrx_word' id='word_1_203' title='bbox 562 3084 664 3138; x_wconf 66' lang='lat' dir='ltr'><strong>lactata</strong></span> <span class='ocrx_word' id='word_1_204' title='bbox 683 3088 701 3138; x_wconf 90' lang='lat'><strong><em>9</em></strong></span> <span class='ocrx_word' id='word_1_205' title='bbox 718 3101 844 3140; x_wconf 63' lang='lat' dir='ltr'><strong>curuum</strong></span> <span class='ocrx_word' id='word_1_206' title='bbox 862 3101 912 3139; x_wconf 84' lang='lat' dir='ltr'><strong>cm.</strong></span> <span class='ocrx_word' id='word_1_207' title='bbox 927 3093 966 3151; x_wconf 78' lang='lat' dir='ltr'><strong>B,</strong></span> <span class='ocrx_word' id='word_1_208' title='bbox 985 3083 1049 3139; x_wconf 81' lang='lat' dir='ltr'><strong>add.</strong></span> <span class='ocrx_word' id='word_1_209' title='bbox 1069 3103 1144 3138; x_wconf 72' lang='lat' dir='ltr'><strong>mma</strong></span> 
     </span>
    </p>
   </div>
   <div class='ocr_carea' id='block_1_7' title="bbox 14 3171 1146 3491">
    <p class='ocr_par' dir='ltr' id='par_1_7' title="bbox 14 3171 1146 3491">
     <span class='ocr_line' id='line_1_28' title="bbox 130 3171 1146 3280; baseline -0.002 -16"><span class='ocrx_word' id='word_1_210' title='bbox 130 3227 198 3264; x_wconf 80' lang='lat' dir='ltr'><strong>saec.</strong></span> <span class='ocrx_word' id='word_1_211' title='bbox 215 3211 294 3264; x_wconf 89' lang='lat' dir='ltr'><strong>XIX</strong></span> <span class='ocrx_word' id='word_1_212' title='bbox 345 3208 435 3263; x_wconf 86' lang='lat' dir='ltr'><strong>multa</strong></span> <span class='ocrx_word' id='word_1_213' title='bbox 453 3208 561 3262; x_wconf 80' lang='lat' dir='ltr'><strong>iudices</strong></span> <span class='ocrx_word' id='word_1_214' title='bbox 580 3207 657 3262; x_wconf 87' lang='lat' dir='ltr'><strong>dirue</strong></span> <span class='ocrx_word' id='word_1_215' title='bbox 675 3211 757 3277; x_wconf 87' lang='lat' dir='ltr'><strong>peter</strong></span> <span class='ocrx_word' id='word_1_216' title='bbox 771 3171 924 3280; x_wconf 52' lang='lat' dir='ltr'><strong>concigssntlo</strong></span> <span class='ocrx_word' id='word_1_217' title='bbox 938 3209 1094 3279; x_wconf 83' lang='lat' dir='ltr'><strong>replicavit,</strong></span> <span class='ocrx_word' id='word_1_218' title='bbox 1112 3211 1146 3263; x_wconf 88' lang='lat' dir='ltr'><strong>ut</strong></span> 
     </span>
     <span class='ocr_line' id='line_1_29' title="bbox 130 3279 1145 3350; baseline 0.001 -16"><span class='ocrx_word' id='word_1_219' title='bbox 130 3281 210 3335; x_wconf 83' lang='lat' dir='ltr'><strong>vobis</strong></span> <span class='ocrx_word' id='word_1_220' title='bbox 230 3291 267 3347; x_wconf 75' lang='grc' dir='ltr'><strong>Μ,</strong></span> <span class='ocrx_word' id='word_1_221' title='bbox 285 3298 359 3350; x_wconf 77' lang='lat' dir='ltr'><strong>supr.</strong></span> <span class='ocrx_word' id='word_1_222' title='bbox 374 3301 406 3333; x_wconf 78' lang='lat' dir='ltr'><strong>m</strong></span> <span class='ocrx_word' id='word_1_223' title='bbox 467 3279 654 3334; x_wconf 81' lang='lat' dir='ltr'><strong>calidissimus</strong></span> <span class='ocrx_word' id='word_1_224' title='bbox 672 3290 695 3332; x_wconf 80' lang='lat' dir='ltr'><strong><em>V</em></strong></span> <span class='ocrx_word' id='word_1_225' title='bbox 763 3281 945 3334; x_wconf 77' lang='lat' dir='ltr'><strong>remiseram</strong></span> <span class='ocrx_word' id='word_1_226' title='bbox 962 3289 1026 3348; x_wconf 69' lang='grc' dir='ltr'><strong>,ως</strong></span> <span class='ocrx_word' id='word_1_227' title='bbox 1045 3297 1095 3335; x_wconf 72' lang='lat' dir='ltr'><strong>cra.</strong></span> <span class='ocrx_word' id='word_1_228' title='bbox 1111 3291 1145 3348; x_wconf 76' lang='lat' dir='ltr'><strong>P,</strong></span> 
     </span>
     <span class='ocr_line' id='line_1_30' title="bbox 130 3350 1145 3422; baseline -0.001 -16"><span class='ocrx_word' id='word_1_229' title='bbox 130 3368 205 3420; x_wconf 77' lang='lat' dir='ltr'><strong>supr.</strong></span> <span class='ocrx_word' id='word_1_230' title='bbox 219 3375 240 3414; x_wconf 70' lang='grc' dir='ltr'>ρ</span> <span class='ocrx_word' id='word_1_231' title='bbox 294 3352 476 3422; x_wconf 83' lang='lat' dir='ltr'><strong>quererentur</strong></span> <span class='ocrx_word' id='word_1_232' title='bbox 494 3361 515 3403; x_wconf 78' lang='lat' dir='ltr'><strong><em>V</em></strong></span> <span class='ocrx_word' id='word_1_233' title='bbox 575 3357 607 3405; x_wconf 93' lang='lat'><strong>11</strong></span> <span class='ocrx_word' id='word_1_234' title='bbox 626 3367 689 3405; x_wconf 90' lang='lat' dir='ltr'><strong>meo</strong></span> <span class='ocrx_word' id='word_1_235' title='bbox 707 3361 729 3403; x_wconf 80' lang='grc' dir='ltr'><strong>ι’</strong></span> <span class='ocrx_word' id='word_1_236' title='bbox 777 3350 911 3420; x_wconf 85' lang='lat' dir='ltr'><strong>produxit</strong></span> <span class='ocrx_word' id='word_1_237' title='bbox 928 3361 950 3405; x_wconf 69' lang='grc' dir='ltr'><strong>ι’</strong></span> <span class='ocrx_word' id='word_1_238' title='bbox 1014 3357 1047 3405; x_wconf 80' lang='grc'><strong>13</strong></span> <span class='ocrx_word' id='word_1_239' title='bbox 1065 3352 1096 3406; x_wconf 87' lang='lat' dir='ltr'><strong>in</strong></span> <span class='ocrx_word' id='word_1_240' title='bbox 1115 3365 1145 3420; x_wconf 67' lang='grc' dir='ltr'><strong>σς</strong></span> 
     </span>
     <span class='ocr_line' id='line_1_31' title="bbox 14 3422 1145 3491; baseline 0.002 -15"><span class='ocrx_word' id='word_1_241' title='bbox 14 3446 19 3456; x_wconf 85' lang='grc'><em>·</em></span> <span class='ocrx_word' id='word_1_242' title='bbox 131 3439 181 3477; x_wconf 84' lang='lat' dir='ltr'><strong>om.</strong></span> <span class='ocrx_word' id='word_1_243' title='bbox 197 3446 219 3476; x_wconf 84' lang='grc' dir='ltr'><strong>ω</strong></span> <span class='ocrx_word' id='word_1_244' title='bbox 291 3440 326 3478; x_wconf 88' lang='lat' dir='ltr'><strong>nc</strong></span> <span class='ocrx_word' id='word_1_245' title='bbox 344 3425 395 3478; x_wconf 81' lang='lat' dir='ltr'><strong>del.</strong></span> <span class='ocrx_word' id='word_1_246' title='bbox 412 3423 460 3478; x_wconf 80' lang='lat' dir='ltr'><strong>Gr.</strong></span> <span class='ocrx_word' id='word_1_247' title='bbox 534 3427 567 3476; x_wconf 78' lang='lat'><strong>17</strong></span> <span class='ocrx_word' id='word_1_248' title='bbox 591 3423 652 3491; x_wconf 82' lang='lat' dir='ltr'><strong>ipse</strong></span> <span class='ocrx_word' id='word_1_249' title='bbox 671 3444 690 3475; x_wconf 82' lang='grc' dir='ltr'><strong><em>α</em></strong></span> <span class='ocrx_word' id='word_1_250' title='bbox 761 3422 828 3476; x_wconf 91' lang='lat' dir='ltr'><strong>hinc</strong></span> <span class='ocrx_word' id='word_1_251' title='bbox 847 3432 879 3476; x_wconf 75' lang='lat' dir='ltr'><strong>r!</strong></span> <span class='ocrx_word' id='word_1_252' title='bbox 949 3427 982 3476; x_wconf 82' lang='lat'><strong>19</strong></span> <span class='ocrx_word' id='word_1_253' title='bbox 1004 3439 1145 3478; x_wconf 90' lang='lat' dir='ltr'><strong>rumorem</strong></span> 
     </span>
    </p>
   </div>
   <div class='ocr_carea' id='block_1_8' title="bbox 121 3513 714 3604">
    <p class='ocr_par' dir='ltr' id='par_1_8' title="bbox 121 3513 714 3604">
     <span class='ocr_line' id='line_1_32' title="bbox 121 3513 714 3604; baseline -0.005 -20"><span class='ocrx_word' id='word_1_254' title='bbox 121 3539 188 3584; x_wconf 76' lang='lat' dir='ltr'><strong>M!</strong></span> <span class='ocrx_word' id='word_1_255' title='bbox 257 3513 389 3604; x_wconf 50' lang='lat' dir='ltr'><strong>interr</strong></span> <span class='ocrx_word' id='word_1_256' title='bbox 455 3529 714 3600; x_wconf 73' lang='lat' dir='ltr'><strong>uuiB3uuiueu1</strong></span> 
     </span>
    </p>
   </div>
   <div class='ocr_carea' id='block_1_9' title="bbox 0 0 1210 3832">
    <p class='ocr_par' dir='ltr' id='par_1_9' title="bbox 0 0 1210 3832">
     <span class='ocr_line' id='line_1_33' title="bbox 0 0 1210 3832; baseline 0 0"><span class='ocrx_word' id='word_1_257' title='bbox 0 0 1210 3832; x_wconf 95' lang='lat' dir='ltr'><strong> </strong></span> 
     </span>
    </p>
   </div>
  </div>
 </body>
</html>
