2406 3832
125 181 190 244 222
442 177 697 234 GADAVERIBVS
715 178 820 234 PASTI

125 352 202 407 esset
228 348 323 406 futrui
349 352 459 423 metus,
491 350 633 425 apparuit
664 349 779 407 nullum
812 368 848 408 ex
879 352 1047 426 propinquo
1079 370 1141 410 esse

124 438 314 514 praesidium,
338 457 405 497 cum
427 437 570 497 finitimas
594 455 712 512 quoque
733 438 871 498 civitates
893 439 1065 498 incendium
1088 459 1141 498 no-

124 529 218 585 strum
246 525 413 586 adussisset.
461 530 525 585 erat
557 525 677 601 quidem
707 526 822 602 aliquid
851 529 883 584 iu
912 529 1011 586 vicino
1042 528 1141 588 adhuc

123 616 275 689 frumenti,
298 615 349 674 sed
371 618 432 674 iam
455 634 541 674 nemo
564 615 719 674 vendebat.
757 635 826 693 ergo
849 619 885 675 ut
906 616 1035 676 vidimus
1060 619 1139 677 salu-

123 708 184 763 tem
207 705 358 781 publicam
382 707 464 763 trans
482 723 565 763 mare
588 703 755 780 petendam,
778 723 809 764 se
827 707 859 763 in
878 707 991 765 curiam
1011 708 1139 782 quisque
1167 728 1179 768 s

87 794 241 872 bcogunt.
288 797 323 852 ut
349 812 432 852 arma
458 794 550 868 bello,
577 796 714 869 utaque
740 794 876 853 incendio
903 795 1062 854 inclamari
1084 816 1139 872 pu·

122 883 198 942 blico
222 884 330 956 solent,
357 885 402 941 ita
424 901 483 941 uuo
507 882 637 958 quodem
664 901 807 942 consensu
828 902 888 942 non
916 885 1065 944 aetatibus
1090 905 1138 943 ex·

122 975 272 1048 spectatis,
291 991 351 1030 uon
367 971 528 1030 honoribus
546 973 659 1048 pariter
676 973 855 1046 rettulimus,
873 972 1073 1048 probavimus,
1088 974 1137 1033 de·

122 1063 277 1136 crevimus,
296 1060 420 1137 pedibus
435 1061 570 1120 manibus
588 1062 678 1120 iimus
696 1063 729 1118 in
747 1063 925 1120 sententiam
940 1064 1138 1137 necessitatis,

121 1170 175 1209 nee
202 1150 274 1208 ordo
301 1168 355 1208 nos
385 1149 550 1209 officiorum
578 1152 712 1208 moratus
740 1153 792 1209 est.
837 1150 1015 1228 legationem
1046 1153 1138 1212 multi
1152 1175 1177 1214 ro

121 1240 348 1315 pollicebantur,
368 1259 422 1298 uec
439 1240 626 1298 innocentiae
644 1240 701 1298 iste
720 1239 861 1299 beneficio
879 1241 928 1298 vel
947 1242 1137 1300 auctoritatis

121 1330 352 1403 meritorumque
379 1331 515 1404 respectu
543 1329 653 1387 clectus
677 1331 733 1401 est,
761 1347 820 1386 una
843 1347 932 1388 causa
954 1348 1008 1388 nos
1031 1332 1136 1404 movit,

122 1416 201 1491 quod
223 1436 253 1476 se
277 1419 336 1476 cito
363 1417 528 1476 rediturum
555 1417 759 1493 pollicebatur.
806 1419 963 1493 pecuniam
989 1420 1053 1484 sine
1080 1439 1136 1477 nu-

120 1523 201 1563 mero
220 1506 394 1579 infudimus,
417 1507 600 1564 frumentum
618 1508 681 1565 sine
699 1506 786 1565 modo
804 1507 1021 1581 mandavimus,
1041 1527 1135 1582 quau-

121 1597 185 1652 tum
213 1596 359 1670 potuisset
391 1595 533 1668 adferret,
565 1596 721 1654 festinaret
751 1596 848 1655 modo,
893 1597 948 1655 hoc
974 1615 1035 1654 una
1062 1616 1135 1657 voce
1150 1618 1175 1658 15

120 1684 268 1759 supplices
288 1683 523 1742 acclamabamus
547 1703 590 1758 ec,
612 1703 857 1759 remoraremur,
880 1705 916 1744 ne
938 1685 995 1744 hoc
1013 1686 1134 1760 quidem

120 1771 172 1830 diu
194 1774 379 1850 rogavimus:
406 1792 466 1830 una
490 1775 607 1832 tantum
629 1792 687 1832 vox
709 1774 769 1832 fuit
792 1793 881 1849 quam
903 1775 960 1832 iste
983 1793 1037 1850 pro
1062 1794 1134 1850 quo-

120 1861 189 1919 dam
216 1861 398 1937 praeiudicio
428 1861 578 1937 amplexus
606 1866 664 1921 cst:
691 1863 768 1921 nihil
795 1865 858 1941 agis
885 1862 1044 1922 adferendo
1072 1865 1135 1923 fru-

118 1953 261 2024 mentum,
285 1953 311 2009 si
333 1953 401 2026 post
423 1951 508 2008 illum
532 1950 611 2009 diem
633 1954 757 2010 veneris.
798 1954 908 2011 nostm's
930 1953 1068 2012 manibus
1091 1954 1134 2011 le-

119 2043 223 2117 gatum
245 2042 277 2098 iu
295 2059 401 2098 navem
425 2040 547 2099 tulimus
567 2059 609 2114 ac,
632 2060 669 2099 ne
689 2039 761 2116 quid
778 2059 878 2099 morae
897 2044 981 2115 esset,
1004 2061 1059 2117 pro
1079 2061 1133 2101 sua
1148 2063 1173 2102 so

120 2132 243 2204 quisque
271 2131 406 2205 portione
439 2131 530 2188 etiam
562 2132 759 2188 commeatum
786 2129 934 2204 dedimus,
965 2130 1133 2190 retinacula

118 2219 276 2278 incidimus
304 2221 334 2277 et
362 2219 434 2277 litus
464 2220 590 2295 ingressi
617 2220 739 2278 classem
767 2220 894 2295 publicis
920 2220 1059 2278 manibus
1085 2223 1132 2278 in-

117 2309 256 2384 pulimus.
294 2308 363 2365 inde
386 2308 534 2385 fugientia
552 2309 618 2366 vela
640 2309 731 2384 longa
749 2309 816 2366 visu
839 2310 989 2385 prosecuti
1011 2309 1131 2368 facilem

118 2399 311 2473 emptionem,
340 2396 482 2456 secundos
510 2400 626 2471 ventos,
658 2397 809 2473 placidum
836 2416 933 2470 marc,
960 2415 1020 2455 non
1048 2397 1130 2458 secu's

117 2487 177 2562 ipsi
198 2488 416 2563 navigaremus,
439 2486 552 2562 precati
575 2505 683 2545 sumus.
721 2488 787 2561 quis
811 2487 912 2545 credat
932 2486 988 2545 hoc
1006 2485 1042 2545 de
1066 2491 1130 2546 tam
1143 2505 1168 2546 se

116 2573 256 2634 miseris?

184 2661 292 2721 Omnia
315 2683 333 2722 a
356 2663 412 2722 diis
435 2664 660 2740 impetravimus,
684 2665 797 2723 scilicet
818 2684 910 2723 unum
929 2669 1072 2740 superest,
1095 2669 1131 2724 ut

116 2771 170 2828 pro
194 2753 292 2811 aliena
315 2754 437 2811 civitate
456 2757 527 2811 vota
549 2753 691 2812 solvenda
713 2753 780 2812 sint.
819 2753 877 2812 cito
900 2754 1045 2829 pervenit,
1068 2756 1130 2813 cito

115 2842 196 2915 emit,
220 2844 279 2901 cito
302 2841 380 2899 redit
399 2861 456 2917 quo
480 2843 583 2900 voluit.
622 2842 693 2917 quid
715 2842 835 2918 prodest
858 2839 1031 2918 expectare?
1068 2843 1129 2902 alia

115 2930 223 2989 civitas
246 2932 328 3006 prior
351 2934 404 3005 est,
427 2934 458 2989 et
480 2949 549 2990 sane
570 2932 726 3009 religiosus
749 2932 866 3008 legatus
885 2931 963 2990 diem
982 2936 1168 3008 expectatae

186 3081 361 3153 3adudissct
379 3102 463 3170 (supr.
479 3103 505 3165 a)
519 3110 558 3167 B;
584 3101 756 3171 adussissegt
774 3110 806 3154 M
875 3064 948 3154 addc
965 3111 993 3154 Β
1047 3107 1129 3156 tco-

115 3173 186 3240 gunt
199 3182 288 3225 omn
336 3188 438 3240 aquam
454 3182 485 3224 M
538 3172 689 3240 9pedibus
703 3172 832 3226 manibus
846 3189 961 3226 ruumus
975 3172 1086 3241 (ivimus
1096 3177 1127 3244 S)

114 3242 220 3311 pariter
233 3243 379 3297 retulimus
393 3243 572 3311 probavimus
587 3256 602 3307 β
650 3244 741 3314 {imus
755 3254 793 3311 113
808 3246 880 3297 imus
895 3254 924 3310 Vr
939 3243 1011 3297 imus
1025 3246 1057 3298 ia
1071 3262 1125 3300 rae.

115 3349 311 3419 (ecun9?)u1
377 3350 557 3403 sententiam:
577 3352 748 3403 senectutem
767 3360 809 3418 M,
828 3367 896 3405 corr.
910 3371 941 3403 m
1014 3356 1045 3404 11
1066 3334 1126 3406 ido-

115 3421 223 3474 centiae
237 3431 265 3474 Β
336 3421 492 3475 actoritatis
506 3431 534 3474 B
614 3426 647 3474 14
665 3421 839 3488 infundimus
858 3431 887 3489 νς
905 3420 1077 3492 ἰηὲυξᾶὶωιιε
1097 3433 1129 3477 Μ

106 3491 289 3562 &auferret
308 3502 328 3546 V
392 3497 425 3548 20
445 3492 494 3563 qui
509 3503 545 3560 M,
565 3491 585 3544 d
602 3510 676 3562 supr.
691 3513 722 3545 m
790 3499 823 3546 24
842 3510 898 3547 non
917 3509 995 3546 secus
1015 3509 1048 3547 ac
1067 3493 1091 3547 si
1111 3506 1127 3546 s

10 3586 14 3591 ·
91 3565 130 3614 26
150 3561 198 3615 ta'
215 3574 239 3616 V
307 3573 345 3623 27
363 3565 495 3624 sciletB
567 3569 602 3620 22
620 3564 709 3619 rediit
722 3573 776 3629 vsu
