2408 3840
121 157 164 222 90
452 153 577 209 AEGER
594 151 813 208 REDEMPTVS

85 338 89 344 ’
119 325 270 383 hominem
293 324 345 399 qui
372 323 532 399 piraticum
559 341 717 397 carcerem,
746 322 798 397 qui
823 319 1009 397 praedonum
1035 321 1135 381 vincla

121 413 312 487 discusserat,
339 411 491 484 decuerat,
516 431 553 470 ne
576 411 718 470 voluisset
740 411 829 469 aliter
850 412 970 470 reverti
1017 429 1053 470 ex
1077 428 1134 486 qno

120 521 151 562 se
174 502 259 562 nobis
277 503 362 561 tanto
380 501 490 560 virium
512 500 613 560 labore
631 500 771 575 restituit,
794 502 914 574 poterat
932 499 997 559 eius
1015 518 1134 576 quoque

120 592 348 650 admirationem
370 591 477 648 mereri
501 592 552 665 qui
574 590 671 664 pretio
694 589 784 665 paulo
808 590 877 647 ante
901 587 1045 648 cessisset.
1092 588 1133 646 dii

119 680 315 754 imm0rtales,
344 699 433 755 quarn
461 677 592 754 laudem,
621 697 709 753 quem
732 678 844 755 gloriae
866 678 1002 736 favorem
1028 677 1164 753 imple-s

119 772 211 845 verat,
235 770 261 828 si
283 770 418 844 pasceret
439 771 564 843 patrem,
585 766 751 826 redemerat
773 766 908 825 fratrem!

185 859 346 917 Relaturus
360 856 453 932 vobis,
471 856 591 931 iudices,
610 856 711 915 ordine
729 856 877 914 malorum
894 873 1031 913 meorum
1047 873 1131 913 even·

118 950 183 1006 tum
207 966 294 1023 quem
321 964 408 1004 nemo
435 947 499 1004 tam
526 945 666 1020 crudelis,
693 963 779 1003 nemo
806 947 870 1003 tam
892 961 999 1003 saevus
1023 943 1130 1019 audiet

118 1039 152 1095 ut
175 1054 221 1094 me
244 1055 304 1094 non
331 1037 447 1112 pascat,
474 1034 554 1093 hunc
581 1036 651 1092 ante
678 1032 778 1092 omnia
805 1033 856 1108 qui
884 1050 914 1090 se
937 1032 1076 1108 queritur
1101 1034 1131 1091 in

118 1125 220 1183 fratris
251 1124 471 1199 comparatione
502 1122 690 1197 damnatum,
720 1122 825 1181 secreti
854 1120 964 1180 doloris
995 1120 1162 1200 indigna-u

118 1213 198 1271 tione
223 1213 372 1272 convenio.
410 1211 482 1289 quid
506 1214 580 1289 agis,
602 1213 760 1287 impotens,
782 1207 929 1286 superbe?
969 1211 1005 1269 tu
1028 1209 1129 1284 nescis,

118 1304 219 1359 utrum
251 1302 358 1361 fuerim
384 1301 590 1378 redempturus
623 1320 657 1358 ex
685 1298 800 1359 duobus
828 1301 921 1373 sanis,
951 1317 988 1356 ex
1017 1298 1129 1359 duobus

119 1408 223 1467 aegrrs.

184 1477 285 1537 Habui
308 1478 399 1553 euim,
421 1478 547 1552 iudices,
573 1477 651 1537 filios
675 1476 876 1536 diversissima
897 1477 1046 1535 mentium
1069 1495 1128 1537 cor·

117 1586 280 1643 porumque
313 1567 459 1643 qualitate
492 1568 670 1643 compositos
703 1570 746 1640 et,
782 1567 860 1624 sicut
891 1584 960 1624 mox
992 1565 1160 1641 probavitrs

118 1674 207 1715 saeva
230 1657 402 1732 eaptivitas,
430 1657 462 1714 in
489 1659 585 1716 totam
613 1654 886 1715 dissimilitudinem
908 1653 989 1713 vitae
1012 1672 1128 1731 qnoque

81 1745 224 1822 figerere
257 1745 401 1804 diductos.
446 1745 495 1804 hic
526 1764 653 1820 namque
684 1745 822 1803 robustus
855 1761 890 1802 ac
919 1744 1039 1819 patiens
1071 1762 1128 1803 non

116 1834 228 1892 molliri
250 1834 399 1908 prosperis
422 1834 523 1908 facile,
546 1853 606 1892 non
629 1833 830 1893 accidentibus
852 1832 965 1909 frangi,
989 1836 1021 1892 et
1043 1851 1127 1908 quem

117 1921 153 1979 de
184 1923 386 1998 voluptatium
422 1923 656 1999 gaudiorumque
694 1923 864 1997 contemptu
901 1923 990 1983 scires
1027 1939 1128 1996 parem

117 2011 293 2086 quandoque
315 2011 456 2087 fortuitis,
481 2014 614 2070 traxerat
636 2031 672 2069 ex
693 2010 835 2069 firmitate
858 2012 966 2070 mentis
988 2029 1159 2087 magnams

115 2101 252 2175 protinus
276 2101 360 2158 etin
382 2100 514 2160 membra
537 2099 742 2160 constantiam.
787 2101 839 2159 ille
862 2117 932 2159 vero
960 2099 1076 2176 pariter
1096 2101 1127 2157 in

117 2189 262 2248 laetitiam
287 2191 443 2264 metusque
462 2189 618 2262 resolutus,
641 2189 755 2247 alienus
775 2208 793 2247 a
811 2189 896 2262 curis,
920 2187 1127 2247 sollicitudini·

115 2276 170 2337 bus
192 2279 297 2354 impar,
321 2278 472 2353 delicatus,
495 2278 661 2353 impatiens,
686 2280 716 2336 et
738 2279 799 2335 iarn
817 2277 922 2336 similis
942 2295 1041 2354 aegro.
1078 2275 1127 2337 sed

116 2367 195 2442 apud
217 2367 313 2442 patris
334 2367 456 2426 affectus
478 2367 552 2424 haec
573 2367 640 2441 ipsa
662 2366 770 2425 liberos
790 2365 1001 2426 dissimilitudo
1025 2367 1125 2443 iunge·

114 2455 175 2530 bat,
200 2458 230 2514 et
253 2458 318 2514 erat
341 2456 486 2531 quaedam
508 2456 540 2513 in
562 2454 777 2530 inaequalitate
801 2455 935 2514 caritatis
959 2455 1157 2530 aequalitasas

116 2542 193 2618 quod
217 2545 295 2602 hunc
318 2546 392 2603 serie
414 2544 628 2619 laudatumque
651 2561 775 2619 semper,
801 2544 889 2602 illum
912 2545 974 2602 iam
998 2544 1126 2619 quadam

114 2634 304 2692 miseratione
318 2632 479 2710 diligerem.
517 2632 590 2709 quid
608 2634 721 2710 profuit
739 2631 894 2692 individua
907 2630 1027 2709 pietas?
1063 2634 1126 2691 erat

115 2723 206 2779 etiam
237 2741 284 2781 me
315 2721 434 2781 nolente
465 2723 669 2799 manifestum,
706 2722 802 2781 utrius
833 2723 928 2799 magis
961 2721 1126 2797 colloquiis,

114 2811 209 2887 magis
232 2811 361 2869 laetarer
384 2813 513 2887 aspectu.
559 2811 641 2886 velit,
663 2811 753 2886 nolit,
776 2810 896 2883 iudices
918 2811 986 2885 ipsa
1009 2829 1125 2887 quoque

115 2899 235 2972 querela
266 2901 382 2958 iuvenis
411 2900 482 2974 quid
509 2899 544 2959 de
574 2900 669 2976 patris
700 2900 833 2959 fateatur
864 2899 977 2973 auimo,
1009 2898 1157 2975 procace

184 3039 201 3086 4
225 3032 265 3086 dii
288 3033 472 3087 immortales:
500 3033 566 3086 dum
588 3032 721 3088 mortales
744 3042 797 3086 ιν
882 3037 898 3086 6
921 3031 1075 3087 redimerat
1096 3041 1124 3100 ἢ

113 3103 263 3159 redimeret
280 3114 312 3159 Μ
382 3110 396 3158 '1
417 3104 542 3159 ordinem
560 3104 674 3159 namhic
691 3104 829 3158 malorum
842 3113 903 3170 Bv3
922 3103 1051 3158 ordinem
1068 3119 1124 3158 ms-

113 3173 203 3228 lorum
219 3185 259 3243 113
277 3177 396 3243 fueritne
414 3175 512 3230 ordine
530 3191 641 3230 omnem
658 3175 705 3229 hic
723 3174 862 3230 malorum
879 3173 894 3229 f
961 3177 1065 3229 eventu
1081 3183 1127 3229 Μ

114 3250 147 3300 10
171 3246 379 3315 comparatione
397 3256 425 3299 B
442 3249 467 3315 (t
486 3245 537 3317 cf)
607 3252 639 3301 15
664 3246 779 3301 calitate
801 3256 822 3299 V
892 3250 924 3301 19
947 3245 1013 3300 volu
1034 3247 1124 3300 tatum

116 3327 155 3370 rc
213 3324 246 3370 23
265 3317 322 3372 iam
341 3327 426 3373 ema
495 3323 529 3371 25
547 3317 578 3371 in
592 3337 642 3374 om.
656 3322 772 3388 c(eapr.
814 3320 862 3388 )J
923 3332 996 3386 aequ
1029 3317 1123 3372 ’tatem

111 3397 164 3441 BV
214 3394 247 3442 26
267 3389 349 3443 serie:
369 3389 472 3443 serium
486 3399 523 3455 rr,
541 3405 610 3444 corr.
624 3410 667 3449 ηις
688 3405 753 3444 sene
770 3390 812 3444 cel
830 3405 894 3443 seve
912 3396 944 3456 ες
964 3386 1038 3443 serio
1057 3400 1073 3441 c

113 3463 147 3511 28
166 3459 263 3514 etiam:
283 3462 312 3513 et
330 3471 363 3526 P,
382 3476 450 3515 corr.
463 3481 485 3521 a
557 3465 591 3514 30
610 3460 690 3529 quid:
711 3461 760 3530 qui
774 3469 812 3528 M,
832 3460 850 3513 d
868 3477 943 3529 supr.
957 3480 990 3513 a·
1061 3474 1123 3528 prc-

111 3529 196 3583 batnr
209 3538 245 3597 M,
265 3529 309 3584 rel
325 3531 430 3600 probat
447 3548 521 3602 supr.
536 3552 568 3584 m
