2408 3840
404 170 637 226 DECLAMATIO
657 171 728 224 vm.
1004 172 1070 237 403

59 340 207 398 iurabant.
249 342 294 398 M.
317 340 383 416 ipsa
410 339 613 414 desperatione
640 341 782 398 debuerat
805 343 930 400 crevisse
953 341 1069 400 caritas.

58 430 92 486 P.
114 429 251 488 orbitatis
273 430 463 504 impatientia
485 429 623 489 confusus
645 430 697 488 fui.
739 431 784 487 M
807 433 838 488 te
860 429 958 506 ipsum
980 431 1070 489 inter-

58 519 186 577 fecisses.
232 519 264 575 P.
289 518 328 576 ad
356 518 444 576 huius
471 519 565 576 vitam
591 538 638 577 me
666 520 790 578 servavi.
836 520 881 576 M.
904 519 1005 577 forsan
1032 519 1071 577 ad

58 607 141 666 illius
164 609 298 666 mortem.
340 607 432 666 satius
462 607 566 665 orbum
594 627 684 682 quam
711 607 891 682 parricidam
920 626 990 666 esso.
1036 609 1069 665 P.

30 715 119 758 snon
147 698 191 754 est
217 695 411 770 parricidium
440 695 556 755 nisiex
585 696 700 755 affectu.
741 698 785 754 M
810 699 889 755 certe
912 698 1017 771 etiam,
1045 699 1071 755 si

56 786 224 861 periturum
255 785 407 861 elegisses,
439 784 612 844 sanandum.
661 786 694 843 P.
718 787 751 842 in
777 786 904 844 mortuis
934 785 1071 844 vivorum

57 875 172 932 sanitas
191 873 359 948 quaerenda
377 876 429 932 est.
471 874 516 931 M
536 875 674 933 sanitatis
692 874 770 933 ratio
789 874 908 948 decidit,
931 877 957 933 si
978 875 1071 932 medi-

58 963 126 1022 cina
143 963 320 1021 tantundem
339 964 493 1021 consumit.
530 963 563 1021 P.
582 982 642 1020 non
665 964 750 1040 elegi,
769 963 821 1022 sed
842 966 909 1021 uter
928 963 1070 1022 interesse
1114 969 1118 975 ’

57 1051 175 1128 negavi.
216 1053 260 1110 M
279 1052 335 1111 hoc
356 1052 472 1126 probat.
509 1052 560 1128 sic,
583 1053 638 1126 sic,
661 1053 687 1110 si
710 1051 915 1126 meditator,
939 1054 1070 1111 etuter-

13 1164 42 1204 io
57 1160 124 1216 que.
165 1141 198 1197 P.
222 1141 274 1198 diu
302 1140 412 1214 fateor,
441 1139 473 1197 P.
494 1138 534 1213 0,
562 1140 736 1216 deliberavi,
765 1160 825 1199 non
855 1141 958 1200 statim
988 1143 1069 1200 cessi.

56 1231 102 1287 M.
127 1228 197 1286 dum
224 1229 383 1303 deliberas,
412 1230 483 1288 dum
512 1232 670 1304 retractas,
699 1230 731 1286 in
760 1233 887 1304 utroque
916 1231 1071 1305 parricidii

57 1336 170 1394 peccas.
207 1319 240 1375 P.
260 1317 332 1393 quid
350 1316 500 1378 facerem?
521 1318 610 1376 dixit:
629 1319 748 1377 sanabo.
785 1321 830 1376 M
848 1318 975 1377 dixerat:
995 1321 1070 1378 occi·

57 1407 134 1465 dam.
177 1407 209 1464 P.
228 1426 325 1465 nonne
342 1426 492 1485 magnum,
511 1426 616 1467 sanare
634 1406 751 1466 filium?
786 1410 831 1465 M.
850 1427 947 1466 nonne
965 1409 1070 1483 maius,

57 1497 189 1555 occidere
212 1497 319 1570 alium,
348 1497 511 1554 maximum
539 1494 682 1574 aegrum?
722 1498 754 1554 P
778 1497 862 1556 salva
892 1500 938 1556 est
965 1497 1070 1573 pietas,

13 1609 40 1649 ιι
56 1585 120 1657 ubi,
143 1586 284 1661 quicquid
306 1585 353 1660 fit,
382 1604 436 1661 pro
459 1586 525 1644 vita
546 1585 588 1643 fit.
630 1588 675 1643 M.
698 1585 827 1644 maxima
855 1590 900 1645 est
922 1587 1070 1662 impietas,

57 1673 189 1733 occidere
218 1673 314 1732 filium
343 1693 397 1750 pro
427 1675 545 1733 homino
578 1695 666 1750 quem
698 1693 757 1733 non
786 1678 874 1752 putas
904 1695 1069 1734 evasurum.

55 1764 89 1820 P.
114 1763 162 1820 cui
185 1763 346 1822 credendus
376 1766 421 1821 est
448 1782 536 1840 aeger
562 1766 621 1822 nisi
648 1763 790 1823 medicis?
831 1766 876 1822 M
901 1765 985 1840 atqui
1011 1767 1071 1842 ipsi

55 1851 262 1926 desperabant.
298 1852 331 1908 P.
347 1852 479 1928 speravit
493 1870 576 1911 unus.
614 1852 732 1911 credidi.
770 1855 815 1911 M
830 1853 937 1928 quibus
952 1852 1070 1913 verbis?

56 1941 89 1998 P.
111 1957 230 1998 causam
246 1943 360 2018 ignoro.
398 1961 432 1999 ex
446 1942 579 2016 inspecto
595 1942 758 2000 remedium
777 1944 844 2000 scio.
882 1944 926 2000 M
947 1961 964 2000 o
982 1943 1069 2000 falla-

11 2053 40 2093 ro
56 2029 223 2088 cissimum!
265 2029 338 2088 dicit
360 2049 390 2088 se
410 2030 489 2104 quod
507 2032 610 2104 nescit,
633 2033 714 2088 scire.
756 2032 788 2088 P.
813 2034 903 2104 caput
923 2031 1068 2106 deposuit.

55 2120 101 2176 M.
117 2136 204 2175 nemo
222 2138 280 2176 non
298 2120 382 2177 tutus
401 2120 552 2195 promittit
571 2119 651 2193 quod
669 2123 821 2193 expertum
841 2121 880 2176 iri
898 2138 956 2178 non
973 2119 1068 2179 debet.

55 2207 89 2264 P.
108 2207 188 2264 idem
205 2210 251 2266 est
267 2208 401 2284 languor.
443 2208 488 2265 M
508 2209 561 2282 qui
579 2207 673 2267 noscit
692 2208 771 2282 quod
789 2226 891 2284 genus,
913 2211 1008 2267 nescit
1031 2229 1069 2267 an

55 2295 143 2353 idem.
184 2296 217 2352 P.
246 2297 398 2355 simillimi.
446 2298 491 2353 M.
517 2301 617 2355 tamen
648 2296 775 2355 discreti.
823 2298 856 2354 P.
883 2297 972 2354 simul
1002 2299 1067 2356 orti.
1169 2294 1173 2302 ’

55 2386 101 2442 M.
125 2385 253 2443 multum
282 2386 357 2444 caeli
385 2386 581 2460 interlapsum
611 2388 663 2444 ost.
706 2385 737 2442 P.
761 2385 851 2444 simul
880 2386 1068 2463 languerunt.

10 2496 40 2537 ss
55 2475 101 2531 M.
120 2474 210 2532 simul
229 2474 394 2533 evaderent.
436 2474 488 2533 sed
506 2493 558 2533 cur
578 2472 707 2533 occidis?
748 2475 891 2533 Medicus.
933 2478 968 2532 ut
990 2479 1069 2534 sani-

54 2564 128 2621 tatis
157 2580 274 2622 causam
297 2565 455 2622 inveniam.
497 2565 541 2621 M
560 2563 593 2621 id
616 2565 673 2637 est,
701 2566 735 2621 ut
761 2563 912 2621 inveniam
935 2582 986 2622 eur
1009 2583 1069 2623 non

55 2650 185 2709 debeam.
226 2671 278 2710 cur
306 2650 424 2728 aperis?
464 2653 544 2711 Med.
585 2655 620 2710 ut
646 2654 804 2727 inquiram.
846 2655 891 2711 M
916 2656 941 2711 si
964 2654 1069 2713 statim

54 2742 194 2814 moritur,
227 2759 285 2799 non
320 2741 462 2816 acquiris,
496 2743 521 2800 si
553 2741 656 2817 durat,
690 2745 790 2800 sanari
823 2745 948 2816 poterat.
1002 2745 1068 2818 quis

53 2831 168 2903 anum,
191 2828 223 2886 P.
244 2827 284 2904 0.,
306 2831 475 2906 inquirendi
497 2829 623 2889 modus?
662 2833 694 2888 in
717 2831 863 2890 viscerum
889 2834 1068 2891 tractatione

10 2941 39 2982 so
53 2919 237 2976 levissimum
267 2921 312 2978 est
341 2919 420 2995 quod
452 2924 585 2978 mortuus
616 2922 667 2978 est.
721 2920 801 2978 Med.
832 2923 953 2996 pactum
983 2920 1066 2980 solvi.

52 3027 147 3064 unum
160 3010 272 3066 sanavi.
310 3009 354 3067 M
369 3011 463 3085 patet,
480 3010 553 3083 quia
567 3027 642 3067 unus
657 3009 769 3067 occisus
788 3011 835 3068 sit.
874 3010 952 3084 quod
966 3014 1072 3068 autem<

54 3095 132 3154 alius
155 3114 208 3171 per
235 3116 303 3155 eum
332 3101 452 3156 sanatus
475 3098 578 3172 fuerit,
609 3117 761 3173 nunquam
789 3102 925 3157 constare
947 3101 1066 3175 poterit.

127 3344 144 3390 4
162 3338 250 3391 setius
269 3339 329 3391 erat
347 3346 426 3391 lm
513 3336 715 3391 oexaffectum
737 3348 783 3392 VB
872 3345 905 3392 ll
923 3339 1073 3391 detractas

58 3417 105 3461 VB
176 3414 209 3462 14
228 3408 346 3462 alterum
365 3417 411 3462 m
479 3408 650 3465 maximum:
668 3411 767 3466 maius
787 3421 814 3466 n
887 3413 926 3462 Ἣ
942 3403 1093 3458 ‘salacissi-

46 3495 123 3529 mum
146 3477 267 3530 omnium
289 3479 456 3535 mortalium
477 3491 505 3537 1s
601 3489 639 3538 25
664 3485 840 3540 evaderent.
881 3480 964 3533 exrex
983 3473 1122 3523 susm

38 3544 213 3598 occidendus,
251 3549 302 3603 sed
322 3552 352 3603 tu
374 3569 426 3607 cnr
446 3572 494 3611 me
515 3557 636 3614 occidis
656 3569 689 3615 n
769 3562 809 3610 si
829 3552 920 3624 quod
938 3554 998 3596 VR

915 3631 979 3690 Ἧι*
