2408 3840
312 175 617 231 DECLAMATIONES
636 175 815 248 xvnlsxlx.
1009 177 1075 242 427

54 347 204 423 respondi.
245 349 291 405 M.
311 364 437 421 equam
458 364 552 422 prava
570 346 736 422 responsio!
775 343 867 421 quid‘?
891 346 917 405 si
935 348 1076 406 innocens

54 440 133 495 erat.
178 436 211 493 P.
231 433 324 511 quid?
347 453 386 493 an
404 435 554 508 innocens,
577 435 603 494 si
621 435 705 494 aliud
728 435 864 494 omnibus
882 434 998 511 liquet?
1030 438 1076 494 M.

54 526 137 599 date,
159 524 192 583 P.
213 523 253 598 0,
276 524 354 598 date,
377 523 474 583 verbis
498 543 536 582 an
559 523 647 582 rebus
669 524 866 583 examinanda
889 527 934 583 est
956 525 1076 585 veritas.

53 633 211 690 nunquam
233 632 318 672 reum
336 613 448 672 facient
470 612 560 671 verba
579 631 667 688 quem
689 631 736 672 res
759 615 826 689 ipsa
844 612 981 672 absolvit.
1024 633 1077 673 cur

24 704 154 766 sfilium
177 699 333 762 occidisti?
372 702 406 759 P.
426 702 496 777 quia
520 701 667 775 amabam,
690 720 750 761 non
771 702 889 776 osculis
912 721 972 761 non
995 702 1075 761 infir-

53 794 171 866 mitate,
195 811 254 850 non
272 790 412 863 lacrimis,
436 790 488 849 sed
505 790 627 865 viribus,
651 790 761 866 dolore,
784 791 938 867 patientia.
981 791 1076 867 eripui

53 881 201 954 malitiae,
225 880 335 940 abstuli
352 880 502 938 infamiae.
545 898 631 939 nemo
649 880 745 938 filium
763 899 850 939 suum
873 880 940 939 odio
959 881 1075 940 occidit.

53 971 180 1030 maioris
204 969 325 1029 affectus
356 971 401 1028 est
427 968 523 1026 filium
553 968 685 1028 occidere
709 988 800 1045 quam
828 969 989 1029 vindicare.
1030 970 1075 1028 M

54 1054 152 1136 quid?
182 1059 261 1135 quod
279 1058 353 1117 dicit
370 1061 479 1116 mat-er:
503 1059 612 1132 amavi,
632 1058 711 1134 quod
730 1063 829 1134 pater:
853 1056 967 1118 occidi?
997 1076 1076 1117 mors

10 1171 39 1212 ro
55 1151 89 1208 et
112 1167 195 1208 amor
217 1167 277 1207 non
296 1148 483 1206 conveniunt.
525 1148 609 1206 nefas
628 1149 674 1207 est
691 1150 851 1223 utrumque
874 1147 1077 1206 innocentiam

54 1241 178 1314 putare,
201 1237 285 1296 nefas
309 1239 355 1295 est
377 1238 537 1312 utrumque
560 1234 623 1296 filio
647 1235 760 1296 debere.
807 1255 860 1296 cur
881 1235 975 1295 filium
1001 1237 1075 1296 occi·

56 1325 151 1386 disti?
191 1327 224 1384 P.
244 1324 289 1386 vis
319 1327 394 1385 scire
426 1323 577 1384 breviter?
623 1326 694 1401 quia
721 1345 781 1384 non
811 1328 931 1403 poteret
960 1326 988 1384 ei
1018 1327 1077 1384 nisi

55 1419 152 1476 morte
176 1414 316 1475 succurri.
358 1414 404 1473 vis
423 1413 526 1473 aliud?
567 1433 605 1474 ne
623 1433 653 1473 se
672 1415 770 1489 ipsum
788 1414 944 1489 occideret,
968 1417 995 1474 si
1017 1433 1077 1474 non

54 1504 177 1579 sufficit,
201 1506 272 1581 quia
294 1504 327 1563 in
344 1503 440 1562 filium
458 1503 539 1579 patri
557 1503 638 1563 vitae
656 1505 794 1580 necisque
818 1504 976 1563 arbitrium
999 1523 1077 1563 com-

10 1615 39 1657 rs
54 1597 182 1654 missum
200 1596 252 1654 est.
294 1594 339 1652 M
359 1596 431 1652 esto.
473 1593 526 1653 sed
542 1612 596 1669 per
613 1593 702 1652 fidem
724 1595 917 1669 paternitatis
941 1613 1001 1669 oro,
1025 1614 1078 1653 cur

53 1686 123 1761 ipse
154 1681 309 1743 occidisti?
356 1683 390 1741 P.
408 1701 478 1757 pars
509 1684 616 1742 secreti
644 1683 716 1756 fuit,
746 1685 781 1741 ut
809 1685 875 1758 ipse
904 1683 1076 1743 occiderem.

53 1774 103 1832 Μ.
122 1773 207 1831 dono.
249 1792 302 1832 eur
323 1790 393 1830 vero
412 1772 452 1844 id,
477 1772 556 1846 quod
573 1773 640 1847 ipsa
658 1773 754 1830 morte
777 1773 925 1833 crudelius
948 1776 1001 1847 est,
1025 1791 1078 1832 cur

54 1860 193 1922 torsisti?
237 1863 271 1920 P.
290 1863 325 1919 ut
350 1862 516 1919 invenirem
539 1861 613 1937 quid
635 1861 791 1920 crederem.
832 1862 877 1919 Μ.
898 1859 991 1936 quid?
1031 1863 1077 1920 vis

56 1951 135 2010 scire
170 1951 242 2026 quid
277 1951 409 2026 primum
449 1948 564 2009 facias?
604 1968 753 2009 sermones
789 1950 926 2023 observa,
964 1953 1077 2010 secreta

10 2062 39 2105 ro
57 2039 183 2113 custodi,
205 2039 267 2099 dies
286 2040 446 2114 noctesque
467 2040 607 2098 scrutare.
650 2038 723 2113 quid
745 2038 802 2097 tibi
820 2057 888 2098 cum
911 2036 1077 2114 supremis?

56 2128 184 2188 Excedit
202 2147 319 2187 omnem
337 2128 500 2188 stultitiam
517 2131 666 2203 torquere,
688 2130 724 2185 ut
742 2129 818 2187 scias
837 2146 876 2186 an
894 2127 1076 2203 torquendus

55 2220 106 2279 sit.
147 2219 293 2278 incestum
320 2218 383 2276 iam
414 2217 516 2290 credas
546 2217 677 2291 oportet,
708 2218 742 2274 ut
769 2219 918 2290 torqueas.
960 2217 993 2275 P.
1018 2236 1078 2276 non

55 2309 123 2368 erat
145 2308 308 2366 marimum
334 2307 451 2366 facinus
479 2324 497 2364 a
520 2306 652 2364 minimis
679 2305 899 2380 inquirendum.
940 2306 1009 2365 inde
1032 2309 1076 2365 in·

56 2397 228 2472 cipiendum
256 2395 336 2454 unde
365 2396 474 2454 valeat.
516 2395 561 2453 Μ
588 2396 734 2467 omnium,
767 2392 798 2451 P.
825 2391 864 2468 0,
894 2395 1077 2454 incertorum

10 2507 40 2549 aa
57 2487 240 2561 suspiciones
264 2504 282 2543 a
305 2484 477 2560 corporibus
506 2485 634 2559 pessime
661 2484 823 2558 incipiunt3
853 2503 907 2543 neo
934 2487 1014 2544 recte
1041 2485 1077 2543 de

56 2575 189 2635 moribus
219 2575 305 2632 illam
338 2575 455 2649 partem
488 2575 654 2650 interroges
685 2591 761 2648 quae
791 2592 851 2632 non
884 2573 996 2633 iudicio
1026 2573 1078 2632 sed

56 2664 155 2723 dolori
176 2663 344 2740 respondet.
385 2663 436 2722 sed
458 2661 548 2721 fidem
571 2662 738 2735 hominum,
771 2681 823 2722 cur
845 2660 987 2737 torques?
1032 2664 1076 2720 in·

57 2755 172 2814 castum
195 2755 222 2813 si
244 2772 304 2811 non
327 2752 431 2825 credis,
454 2753 593 2827 torquere
616 2771 676 2810 non
699 2750 801 2825 debes,
825 2753 851 2810 si
874 2751 977 2823 credie,
1001 2753 1076 2810 oeci·

57 2843 134 2902 dere.
175 2843 208 2901 P.
223 2842 337 2901 rumori
350 2842 521 2902 satisfacere
540 2840 631 2900 volui.
668 2842 713 2899 M.
727 2839 832 2900 itane?
874 2839 959 2916 atqui
978 2859 1078 2900 coram

10 2954 42 2996 ao
57 2932 194 2992 omnibus
217 2931 399 3007 torquendus
423 2932 481 3005 est,
504 2930 540 2988 de
564 2949 623 3005 quo
646 2931 811 3004 loquuntur
834 2949 943 2989 omnes.
984 2948 1078 2989 secre-

57 3024 124 3080 tum
147 3021 330 3097 quaestionis
359 3039 413 3079 uec
439 3021 553 3079 incesto
581 3018 705 3078 debetur
726 3018 803 3091 filio,
833 3038 887 3078 nec
916 3020 1076 3078 innocenti.

56 3112 211 3187 praestare
234 3109 321 3169 debes
346 3111 399 3169 aut
421 3109 491 3181 tibi,
522 3109 548 3168 si
571 3108 722 3168 confessus
746 3108 851 3179 fuerit,
882 3111 934 3166 aut
956 3107 1028 3180 fflio,
1052 3109 1078 3166 si

131 3350 231 3405 ‘taliis
256 3360 283 3404 n
391 3350 511 3404 tverba
534 3366 585 3404 om.
609 3358 655 3401 w
761 3365 845 3417 quem
871 3349 941 3401 Bu:
964 3363 1039 3414 quae
1055 3369 1081 3397 <s

58 3422 174 3488 squia:
194 3422 268 3491 quod
289 3431 310 3473 1·
379 3427 394 3476 6
414 3421 516 3477 erubui
533 3430 580 3476 w
653 3425 670 3476 t
691 3419 877 3492 quidquido
951 3416 1068 3466 dransae

47 3492 137 3543 matri
159 3501 205 3543 VB
269 3493 340 3563 quid
356 3516 378 3548 ω
452 3501 488 3553 10
509 3496 777 3568 utrumque-est
797 3497 920 3569 omit!
984 3483 1024 3533 Ἦ
1046 3472 1134 3539 W

36 3559 110 3611 Bra:
128 3577 213 3626 quam
235 3584 259 3616 ω
337 3573 371 3621 25
394 3573 492 3628 recte:
515 3573 600 3629 certe
622 3582 653 3628 κ
733 3572 772 3622 tu
788 3558 979 3619 meminisses
997 3559 1030 3600 R
