2408 3840
126 134 191 198 120
450 130 625 187 CORPORJS
642 130 811 187 Paulson

106 378 109 385 Ι
124 303 295 379 perseverat
313 319 375 360 esse
392 300 449 358 filii
467 302 515 360 sui
532 320 668 376 noverca,
679 304 718 360 ut
734 301 791 360 hac
808 300 987 361 crudelitate
997 299 1127 360 videctm

25 389 29 397 '
125 391 217 468 digna
244 409 320 466 quae
347 389 506 450 orbitatem
533 407 617 450 suam
643 390 814 468 intellegat,
843 391 871 449 si
887 390 978 449 ,ultra
1005 388 1129 448 hosfium

127 479 275 539 adfectum
299 481 351 555 qui
377 497 478 538 ccesos
501 478 563 538 acie
587 497 675 555 saepe
696 478 899 553 tumulamnt,
925 478 1008 539 ultra
1035 480 1130 555 sym·

124 588 192 644 nos,
218 568 300 627 ultra
323 568 467 641 latrones,
493 587 601 644 parum
623 567 714 627 habet
735 587 795 627 non
817 566 957 644 sepelire,
982 567 1043 627 nisi
1064 565 1132 625 alio·

125 678 191 716 rum
215 676 331 733 quoque
350 656 448 716 officia
469 656 656 732 praeciderit,
678 659 708 716 et
728 659 847 716 tantum
864 656 946 733 quod
962 674 1026 715 nun
1041 655 1135 733 petita
1155 672 1167 714 1

125 767 162 806 ax
189 745 327 805 fluctibus
355 764 436 822 aqua
462 745 622 823 restinguit
647 745 760 823 ignem,
790 747 816 805 si
844 745 918 805 adeo
946 763 1008 804 nou
1035 744 1136 823 genuit

125 836 221 894 filium
252 835 303 894 sed
335 834 439 894 effirdit
470 838 501 894 et
531 835 585 894 illc
612 833 724 894 infelici
754 837 845 911 partu
876 835 1030 913 ingratum
1061 831 1137 893 uteri

126 925 243 1002 pondus
266 924 416 1001 exposuit:
442 923 514 982 licet
536 923 654 999 inputet
675 923 773 1000 nobis,
797 927 833 982 ut
853 923 936 983 volat
958 923 1041 1000 qued
1061 921 1138 982 tueri

126 1034 185 1074 nou
203 1015 311 1091 potest,
330 1012 482 1089 singulare
500 1014 602 1072 mariti
620 1011 807 1088 desiderium,
825 1012 923 1071 dicam
940 1014 1045 1072 tamen
1061 1010 1139 1088 quod

126 1103 231 1177 sentio,
255 1103 421 1161 excusatius
444 1101 555 1161 odisset
576 1102 675 1160 virum
698 1120 788 1177 quam
810 1101 913 1160 filium
955 1118 1175 1177 quemquamst

126 1195 158 1250 in
180 1193 236 1250 hoc
259 1194 379 1249 mutuae
403 1190 538 1250 caritatis
561 1190 669 1249 affectu
690 1192 778 1266 paris
799 1191 937 1250 fecimust
958 1190 1015 1249 illa
1038 1188 1139 1250 oculos

127 1283 249 1357 propter
266 1279 489 1339 matrimonium
507 1280 648 1357 neglexit,
670 1297 726 1357 ego
743 1279 849 1355 filium,
869 1280 968 1338 uicem
984 1277 1140 1339 merium

127 1369 256 1429 orbitate
278 1369 415 1445 persolvi,
438 1371 539 1428 tamen
563 1388 622 1445 quc
644 1369 724 1426 inter
745 1369 818 1427 haec
837 1385 955 1444 quoque
976 1367 1060 1427 mals
1080 1367 1140 1445 pri·

127 1458 222 1518 vatim
245 1457 362 1517 doleam
384 1475 501 1517 necesse
519 1459 572 1532 est,
597 1475 713 1516 omnem
731 1457 816 1516 illam
834 1474 924 1534 quam
942 1457 1141 1529 contruxerat,

126 1546 226 1624 perdit
252 1547 429 1622 opinionem.
474 1547 536 1605 iam
562 1545 677 1605 inimici
707 1545 907 1622 triumphant,
935 1545 999 1604 iam
1027 1546 1177 1622 pessimo

127 1637 278 1695 locuntur:
306 1630 371 1693 ‘ills
398 1636 525 1711 exempli
551 1635 666 1710 mulier,
693 1635 748 1694 illa
775 1634 886 1694 saeculi
912 1634 1016 1709 decus,
1043 1634 1142 1694 virum

127 1725 234 1784 redimi
256 1725 353 1783 noluit
375 1742 429 1783 nec
450 1724 545 1782 filium
569 1719 707 1799 sepeliri’

196 1812 355 1890 Equidem,
376 1813 502 1886 iudices,
524 1815 559 1872 ut
581 1813 690 1888 sentio,
715 1814 863 1872 neminem
884 1830 945 1871 nou
967 1811 1142 1872 mortalium

128 1904 228 1962 favere
250 1901 379 1961 hominis
398 1903 569 1979 sepulturae
587 1902 733 1978 convenit,
757 1904 828 1978 quia
849 1902 923 1961 haec
944 1919 1006 1960 una
1029 1918 1079 1961 res
1096 1904 1142 1960 ast

129 1992 211 2051 cuius
235 1991 401 2068 exemplum
424 1990 463 2048 ad
485 2010 585 2051 omnes
608 1993 765 2066 pertineat,
789 1990 914 2066 ideoque
936 2008 998 2049 uon
1021 1988 1084 2049 nisi
1104 1988 1141 2048 ab
1153 2006 1179 2049 a·

128 2082 235 2141 ultimo
257 2079 417 2156 parricidio
437 2080 565 2159 exigitur
585 2099 683 2156 poena
704 2083 788 2140 trans
810 2079 968 2139 hominem.
1005 2079 1143 2138 etiamsi

83 2160 89 2171 ’
130 2189 188 2245 qua
216 2171 285 2229 sunt
311 2171 379 2228 iura
407 2187 482 2244 quac
512 2169 644 2244 obstent,
676 2169 702 2228 si
729 2171 831 2227 tamen
861 2169 1006 2245 angustus
1034 2167 1142 2229 saltam

129 2259 216 2318 detur
239 2276 383 2333 accessus,
411 2277 465 2334 per
487 2277 576 2335 quam
602 2257 715 2317 intrare
741 2258 912 2317 humanitas
936 2256 1050 2332 possit,
1072 2274 1144 2317 vera

79 2347 114 2402 11
130 2349 287 2407 clementia
310 2348 463 2407 occasione
481 2349 621 2406 contenta
643 2349 696 2406 ast
733 2348 795 2406 siva
819 2347 914 2405 omnis
936 2346 969 2403 in
991 2345 1142 2405 defunctis

131 2455 232 2496 seusus
251 2437 337 2513 perit,
352 2440 383 2495 ct
400 2436 642 2512 adoperiendam
660 2435 834 2495 foeditatem
851 2433 1143 2511 subtrahendamque
1153 2450 1178 2493 rs

130 2526 226 2586 dolori
248 2525 405 2584 materiam
426 2525 538 2583 mortui
559 2524 725 2584 viventium
747 2542 838 2584 causa
864 2522 1065 2599 sepeliuntur,
1093 2542 1144 2583 seu

131 2634 197 2674 cum
221 2615 260 2673 ad
281 2615 412 2672 infernas
435 2614 518 2674 sedes
542 2615 642 2673 anima
664 2613 816 2692 migravit,
838 2630 917 2672 unns
938 2612 989 2671 liic
1009 2611 1079 2673 luce
1101 2614 1144 2673 ri·

131 2704 197 2763 duis
220 2704 313 2762 honos
336 2707 367 2762 et
389 2720 527 2778 suprema
549 2703 626 2784 face,
648 2705 684 2762 ut
705 2705 790 2763 vates
813 2702 922 2776 fanmt,
945 2701 1077 2777 petitam
1101 2701 1144 2760 ul·

130 2793 248 2852 terioris
279 2793 363 2869 ripae
395 2786 556 2852 stationem
585 2792 774 2869 contingunt,
808 2809 883 2867 quae
915 2809 987 2850 rara
1018 2807 1086 2851 msa
1115 2793 1145 2848 at

131 2882 217 2941 credo
235 2880 326 2940 miser
343 2881 373 2939 et
391 2882 462 2957 opto
481 2880 541 2940 cito
563 2881 661 2940 iturus
680 2880 719 2940 ud
741 2880 846 2957 filium,
867 2882 945 2940 certe
967 2897 1070 2939 rarum
1092 2896 1143 2937 na·
1154 2894 1178 2937 a·

130 2974 200 3030 tura
226 2972 262 3027 ut
287 2970 320 3027 in
347 2969 524 3046 generandis
551 2968 724 3045 alendisque
750 2968 919 3029 hominibus
942 2986 1019 3044 quae
1044 2986 1144 3028 necas·

90 3170 94 3180 .
205 3130 219 3176 1
238 3121 309 3176 hacc
328 3143 347 3174 α
418 3127 434 3174 2
455 3137 534 3175 suam
552 3119 713 3190 intellegat:
732 3138 789 3176 non
806 3138 880 3191 supr.
895 3140 927 3173 m
943 3118 991 3174 aad
1007 3119 1042 3173 ia
1057 3135 1143 3190 mg.

131 3194 195 3249 odd.
215 3194 246 3248 in
265 3192 329 3247 aliis
347 3192 468 3247 habetur
486 3208 566 3246 susm
583 3192 728 3276 intelligat
811 3198 827 3246 3
846 3190 1026 3274 cumularunt
1041 3199 1098 3243 tv

133 3266 217 3321 cillo
237 3282 287 3320 cm.
302 3274 335 3318 s!
404 3265 566 3332 apotesia
627 3263 798 3318 des1derium
816 3281 850 3321 ec
868 3262 1046 3317 desiderum
1065 3270 1094 3315 Ι

133 3344 165 3392 11
185 3336 288 3392 effectu
304 3345 364 3419 pn
421 3339 454 3389 13
472 3334 560 3400 hoca
619 3341 653 3389 14
671 3352 769 3406 quam:
789 3333 872 3405 quod’
892 3344 920 3387 P
990 3338 1024 3387 16
1041 3332 1145 3403 perdat

132 3453 165 3497 Μ
233 3426 364 3514 opiddem
385 3451 407 3494 V
483 3446 518 3495 20
537 3457 591 3509 que
609 3458 660 3496 om.
675 3450 735 3495 ΒΜ
813 3446 847 3495 24
867 3439 1007 3495 occisione
1026 3439 1091 3495 cor.

133 3520 166 3568 27
185 3503 437 3587 liun93(ccrr.u)
491 3517 526 3566 28
544 3514 585 3566 ct:
605 3513 746 3568 scuDese.
801 3511 1080 3582 petita...stationa
1096 3516 1146 3565 tr
