2408 3840
430 140 665 198 DECLAMATIO
683 141 696 194 I
715 135 792 197 3-6.
1097 143 1115 205 7

107 313 263 388 praeterea
280 312 442 387 quicquam
464 328 495 370 se
519 330 554 369 ex
576 312 622 371 his
645 328 773 371 noverea
793 304 925 384 sensisse,
948 329 1016 370 cum
1033 311 1117 369 iuxta

107 401 225 476 iaceret,
243 399 449 476 nonexplicat,
467 399 545 459 unde
563 399 639 458 illud
657 400 810 459 acciderit:
832 400 978 458 maximae
999 399 1116 476 signum

108 489 324 566 trepidationis.
370 489 396 548 si
423 492 453 548 et
480 491 567 564 pater
592 508 653 547 nno
679 489 744 547 ictu
770 488 905 565 perierit,
934 508 1029 563 neque
1058 489 1117 548 ista

107 578 269 656 vigilabat,
300 595 453 654 nunquam
485 578 618 655 gladium
649 577 772 653 reliquit
802 596 957 652 percussor
987 596 1116 636 securus.

74 687 95 728 c
171 667 299 742 reliqua,
321 666 442 742 iudices,
463 667 589 725 nimium
611 670 757 742 suspecta,
781 666 904 742 inprobe
927 666 1114 726 adsimulata.
1133 666 1152 721 b

107 757 341 832 spatiosissimus
368 756 466 833 paries
494 758 524 813 et
550 756 756 832 longissimum
779 756 883 815 domus
905 756 985 813 latus
1012 755 1118 814 habuit

107 848 194 905 notas
214 844 366 922 sanguinis
380 863 454 921 quae
472 845 627 920 reliquisse
641 845 792 904 videretur
810 863 915 904 manus
933 845 1116 903 revertentis.

108 953 125 994 o
151 933 346 1010 quambene,
370 933 510 1009 quioquid
528 934 642 1008 volunt,
665 934 822 992 imitantur
839 934 931 994 oculi!
955 936 1069 1008 stupeo,
1092 933 1118 992 si

108 1042 169 1098 qua
191 1025 238 1082 est
259 1022 339 1098 fides,
363 1023 462 1080 omnia
484 1022 655 1099 privignum
677 1023 731 1080 illa
751 1025 837 1082 noete
859 1024 972 1082 fecisse.
1008 1021 1119 1080 dicitur

73 1111 152 1172 read
174 1114 448 1171 votumsnovereae
465 1111 610 1188 :gladium
637 1114 670 1170 in
696 1106 818 1170 vulnere
840 1112 1000 1188 reliquisse
1030 1130 1118 1186 quem

108 1219 197 1260 sunm
218 1220 326 1277 negare
349 1218 408 1260 non
426 1203 533 1276 posset.
570 1200 676 1259 deinde
693 1219 746 1276 per
758 1196 861 1259 'totum
883 1201 1027 1277 parietem
1046 1201 1118 1275 quid

108 1289 193 1348 alind
219 1289 416 1364 inscripsisse,
442 1308 535 1365 quam
562 1308 593 1349 se
622 1287 821 1366 parricidam?
851 1292 994 1366 sanguine
1023 1289 1118 1365 patris

108 1397 203 1454 usque
225 1379 265 1437 ad
289 1379 458 1438 cubiculum
481 1397 567 1437 suum
589 1378 759 1455 perduxisse
781 1382 812 1437 et
829 1378 1118 1454 viamsequentibus

108 1465 287 1543 reliquisse?
308 1468 381 1526 haec
398 1469 470 1526 fecit
484 1467 592 1543 uliquis
610 1465 792 1544 negaturus?
815 1468 950 1545 gratulor
966 1467 1032 1541 tibi,
1047 1467 1118 1526 adu-

73 1558 233 1631 rslsscens,
261 1558 287 1615 si
308 1575 368 1615 non
390 1556 517 1633 potuisti
543 1557 736 1632 parricidium
762 1555 840 1614 illud
863 1556 1033 1629 admittere,
1059 1557 1119 1616 nisi

108 1648 143 1705 ut
165 1645 347 1720 relinqueres
369 1649 577 1722 argumentum
595 1646 757 1720 caecitatis,
779 1645 911 1704 habuisti
931 1645 1119 1706 innocentiae
1162 1643 1165 1648 ’

107 1735 322 1794 necessitatem.

110 1849 112 1856 2
176 1822 305 1882 Causam
340 1823 434 1900 igitur
468 1824 601 1882 miserini
637 1821 833 1882 adulescentis
872 1824 914 1882 sic
951 1823 1029 1898 apud
1065 1840 1118 1882 vos
1185 1864 1187 1868 «

108 1931 198 1989 agere
225 1913 379 1988 proposui,
405 1914 441 1970 ut
462 1914 592 1989 primum
619 1913 718 1989 ipsum
745 1911 914 1985 defendam,
941 1914 1027 1987 quasi
1051 1929 1117 1971 rsus

72 2003 229 2062 astantum
251 2002 304 2076 sit,
332 2001 437 2062 deinde
460 2019 527 2059 oum
549 2020 611 2060 esse
639 2019 758 2060 securus
782 2001 817 2059 de
839 2000 927 2061 huius
948 2001 1118 2060 innocentia

108 2108 242 2166 coepero,
264 2094 336 2150 tuno
353 2089 504 2167 ingrediar
521 2108 665 2149 novercae
683 2090 907 2149 accusationem.
945 2089 1117 2166 spectabitis

108 2182 268 2254 utrumque
281 2179 344 2238 suis
362 2178 502 2254 moribus,-
516 2180 577 2238 suis
593 2180 701 2238 causis:
725 2179 782 2237 erit
799 2179 917 2238 facilior
934 2181 984 2237 via
1002 2181 1117 2237 vestrae

107 2268 270 2346 religionis.
315 2286 497 2343 quamquam
529 2269 603 2327 duos
635 2267 745 2327 indicia
776 2267 929 2343 complexa
960 2268 1033 2342 sint,
1065 2285 1118 2326 vos

107 2361 209 2416 tamen
231 2358 386 2432 tamquam
408 2356 444 2416 de
467 2357 592 2435 singulis
615 2357 821 2434 cognoveritis.

73 2464 96 2506 re
175 2447 217 2504 Et
238 2447 368 2523 primum
390 2447 433 2505 sic
451 2464 548 2523 agam,
570 2448 725 2521 tamquam
742 2445 857 2504 iuvenis
879 2443 989 2503 habeat
1008 2446 1153 2519 oculose

108 2538 265 2610 tamquam
282 2535 411 2611 impetus
429 2537 491 2594 eius
510 2533 593 2593 nulla
612 2537 742 2612 corporis
761 2534 915 2593 debilitate
933 2533 1117 2610 frangantur.

180 2739 341 2807 2maxime
359 2742 411 2794 BV
470 2739 576 2794 tiotn:
595 2738 674 2792 hictu
692 2748 720 2792 B
776 2755 867 2808 neque
885 2756 935 2794 om.
950 2747 978 2792 P
1039 2743 1119 2791 bsu-

109 2848 219 2916 epecta:
243 2848 374 2916 suscepta
395 2855 454 2899 ΒΒ
533 2810 657 2900 ebbuit
674 2854 703 2898 B
780 2850 813 2899 10
837 2837 1118 2914 quem—reliquisse

109 2953 125 3007 l.
144 2959 177 3007 14
194 2970 245 3007 om.
260 2961 288 3018 Β,
306 2954 339 3007 ire
357 2971 441 3024 marg.
457 2953 521 3007 add.
536 2974 553 3004 e
598 2959 630 3005 11
650 2953 740 3005 totam
757 2961 785 3006 P
834 2958 865 3005 12
885 2935 1044 3021 irioripsisse
1058 2961 1085 3005 Β

108 3031 169 3093 pose
187 3023 358 3093 parricidam
375 3025 549 3092 interpretati
567 3025 604 3078 Η.
656 3022 821 3093 sanguinem
840 3033 876 3086 sy
945 3029 976 3077 14
995 3022 1065 3077 haec
1083 3045 1117 3076 o:
1196 3048 1200 3053 ¹

109 3096 163 3149 hoc
182 3107 215 3148 ee
286 3095 356 3150 facit
374 3109 389 3160 ρ
406 3097 484 3166 (corr.
499 3097 525 3163 e)
587 3093 742 3148 adoliscene
760 3103 789 3147 Β
861 3100 893 3148 15
911 3093 1002 3164 illud}
1019 3104 1050 3147 M

112 3208 143 3256 16
162 3185 315 3272 rotiliuerce
333 3207 360 3256 Β
423 3208 456 3257 17
474 3201 682 3256 necessitatem:
707 3200 872 3255 caecitatem
890 3211 915 3253 J
972 3205 1004 3252 18
1023 3200 1119 3253 miser-

110 3274 162 3341 ini,
189 3277 224 3342 cf.
241 3292 270 3344 p.
285 3279 368 3341 4,17:
392 3273 563 3346 miseremini
584 3281 654 3339 ΒΜ,
677 3272 722 3325 vel
741 3271 891 3328 miserrimi
914 3287 987 3339 supr.
1003 3291 1046 3339 m,
1067 3271 1119 3326 mi·

111 3346 219 3401 senimi
237 3347 337 3416 reliqui
390 3345 626 3411 adoliscentis113
645 3343 753 3398 invenis
767 3353 799 3397 Β
852 3348 885 3397 20
905 3359 979 3396 cum:
999 3343 1042 3395 est
1059 3352 1086 3394 Ρ

110 3413 182 3506 uu
196 3461 225 3505 ιι
260 3458 293 3507 aa
313 3451 377 3506 ers:
393 3451 572 3521 exsequemur
609 3457 642 3506 ea
660 3449 766 3522 vqosr
800 3447 1093 3512 sescismundo

113 3523 228 3592 eoplexa
245 3532 267 3575 V
325 3530 358 3577 24
377 3526 518 3594 tamquam
530 3529 661 3599 —'agam
680 3526 699 3584 t.
714 3531 750 3584 at
774 3545 827 3585 om.
844 3535 875 3598 S,
891 3527 929 3582 iu
940 3540 1035 3595 morq.
1050 3519 1122 3576 odd.
1136 3537 1154 3568 ι
