2408 3840
396 127 630 185 DEOLAMATIO
648 129 688 185 IV
702 134 814 183 20-23.
1071 129 1113 194 87

102 319 336 377 responsumque
350 300 488 358 decernat
501 299 604 358 exitus.
641 299 885 357 mathematicum
898 301 1015 358 vincere
1034 300 1113 358 malo

105 409 194 466 quam
215 387 435 464 reprehendere.

171 477 250 548 Quid
271 495 350 536 nunc
372 495 473 554 agam,
495 475 527 535 P.
548 475 593 550 0,
617 476 865 552 quemadmodum
887 496 934 535 me
957 479 1004 535 vir
1026 479 1113 537 fortis

104 568 143 627 ad
168 585 284 644 preces,
312 565 560 642 quemadmodum
586 565 735 641 parricida
761 563 957 639 componam?
1003 566 1112 626 dicam:

75 653 306 719 emiseremini?
351 654 461 714 dicam:
489 652 670 714 succurrite?
715 656 758 713 sic
784 654 885 731 rogari
910 657 1013 713 contra
1035 674 1112 713 mor·

100 750 164 805 tem
192 744 275 806 solet.
321 763 398 803 novo
426 744 501 802 mihi
523 743 718 818 inauditoque
741 760 814 818 opus
842 745 888 802 est
910 743 1024 802 ambitu
1051 763 1113 802 ma-

100 835 208 894 lcrum.
254 835 313 893 nisi
335 834 453 907 morior,
476 832 635 908 periclitor.
676 832 743 890 ideo
765 832 868 891 videor
890 850 994 892 causas
1017 833 1113 891 reddi-

101 924 194 999 disse,
222 925 257 981 ut
284 922 498 981 contradiceret
524 922 617 997 pater.
663 923 695 979 et
721 922 747 980 si
769 921 843 980 bene
868 922 939 980 novi
965 921 1113 999 malignas

99 1013 379 1088 interpretationes,
407 1029 467 1069 non
497 1012 609 1069 exitum
639 1011 773 1084 captasse
803 1010 886 1068 dicem
913 1009 965 1068 sed
994 1028 1113 1070 excusa-

58 1123 86 1162 ιο
100 1104 224 1161 tionem.
270 1100 416 1175 explicate
438 1099 601 1175 perfidem
622 1101 724 1157 miseri
746 1099 868 1175 pudoris
892 1101 1015 1174 aestum,
1038 1119 1113 1157 nun·
1184 1091 1188 1097 ’

102 1209 196 1266 quam
217 1189 367 1249 videbitur
390 1191 465 1248 mori
487 1188 615 1248 voluisse
637 1188 795 1263 parricida,
818 1189 845 1247 si
867 1189 982 1247 vixerit.

169 1278 218 1337 Ad
235 1281 289 1338 tua
307 1296 384 1336 nuuc
407 1295 503 1356 genua
525 1278 655 1354 porrigo,
678 1279 789 1353 optime
811 1278 906 1353 pater,
928 1277 991 1352 has,
1015 1280 1040 1336 si
1058 1279 1113 1353 vis,
1127 1274 1165 1330 22

100 1369 222 1427 tantum
249 1367 340 1426 fortes
365 1386 478 1426 manus.
524 1384 664 1443 perego,
688 1366 713 1425 si
735 1366 781 1425 fas
805 1367 857 1440 est,
884 1366 1025 1442 quicquid
1047 1366 1113 1441 feci,

100 1477 155 1533 per
182 1457 259 1515 hanc
285 1458 383 1531 ipsam
409 1457 469 1515 mei
495 1455 665 1530 caritatem,
694 1473 752 1530 qua
777 1474 824 1513 me
851 1455 982 1514 nondum
1008 1457 1112 1515 timere

60 1566 86 1606 rs
101 1547 237 1622 coepisti,
255 1546 402 1620 miserere,
420 1544 516 1603 filium
533 1546 646 1619 pietate
664 1545 837 1619 pereuntem
854 1563 892 1602 ne
907 1544 981 1604 velis
1001 1546 1113 1603 exitum

101 1636 200 1694 faeere
222 1634 396 1709 parricidae.
432 1635 552 1709 praesta
574 1633 650 1691 mihi
670 1634 850 1707 patientiam
873 1651 932 1708 qua
954 1652 1001 1691 me
1024 1633 1112 1692 modo

99 1724 181 1783 bello
209 1723 369 1782 credidisti.
414 1722 492 1800 finge
514 1741 569 1781 nos
596 1723 629 1779 in
656 1723 721 1796 ipso
748 1723 884 1797 prosperi
910 1721 1015 1781 Martis
1039 1724 1112 1781 ceci·

100 1812 180 1873 disse
208 1813 352 1888 conplexu
384 1812 608 1886 confectumque
639 1812 757 1888 magnis
787 1811 958 1870 vulneribus
987 1811 1112 1870 cadaver

101 1901 222 1961 adferri.
258 1902 395 1976 relinquo
418 1900 476 1958 tibi
497 1919 552 1975 pro
574 1919 621 1958 me
645 1918 745 1959 omnes
770 1902 915 1974 parentes.
952 1901 1111 1976 huncque

61 2011 88 2050 so
101 2009 155 2050 nos
179 1991 307 2049 retinere
327 1991 480 2064 voluisses,
503 1991 535 2046 in
558 2007 696 2064 suprema
713 2007 779 2047 mea
802 1990 931 2048 transfer
953 1990 1111 2063 adfectum,

100 2081 162 2139 tuis
185 2077 322 2137 manibus
345 2096 486 2154 compone
509 2095 628 2153 corpus,
651 2080 768 2136 exstrue
789 2096 890 2155 rogos,
913 2079 1011 2135 funeri
1032 2080 1112 2137 iusta

100 2168 246 2243 persolve.
283 2167 388 2226 deinde
412 2185 478 2225 cum
505 2168 567 2224 iam
589 2168 758 2226 novissimis
781 2166 889 2226 osculis
917 2185 1111 2242 supremoque

101 2257 254 2317 discedens
277 2258 403 2316 satiatus
427 2256 518 2314 fueris
542 2256 687 2330 amplexu,
710 2257 781 2314 tunc
803 2258 833 2312 te
856 2256 901 2314 fas
925 2258 969 2314 est
987 2255 1112 2314 sublatis

100 2345 141 2404 ad
159 2346 274 2404 caelum
291 2344 428 2404 manibus
450 2345 647 2421 proclamare:
670 2345 889 2418 mathematice,
911 2345 1054 2404 mentitus
1072 2363 1111 2404 es.

61 2454 86 2494 ra
169 2433 361 2493 Reddidimus
393 2452 509 2509 causas,
541 2435 708 2510 peregimus
739 2451 849 2509 preces.
903 2433 1019 2509 reliqua
1049 2452 1111 2508 vos,
1127 2427 1164 2483 28

100 2541 220 2598 manus,
252 2540 305 2582 vos
337 2522 489 2597 adiuvate,
521 2523 608 2581 cives.
653 2539 713 2579 non
728 2525 788 2596 ut
806 2522 896 2580 liceat
924 2521 998 2580 mihi
1027 2523 1110 2581 mori.

100 2612 174 2670 licet
194 2611 276 2671 istud
299 2613 402 2687 etiam,
430 2615 464 2671 ut
486 2613 608 2689 negetis.
653 2613 700 2670 vir
722 2610 809 2670 fortis
835 2610 1005 2670 commendo
1028 2610 1111 2670 vobis

101 2703 216 2760 exitum
242 2720 353 2759 meum:
381 2701 406 2760 si
428 2719 488 2759 non
514 2701 653 2760 continuo
681 2699 771 2758 letale
793 2699 900 2759 vulnus
927 2703 1111 2776 impressero,

100 2791 127 2848 si
149 2808 297 2868 noncum
315 2790 457 2867 sanguine
479 2792 575 2848 totam
598 2789 729 2847 animam
751 2807 912 2865 properans
930 2790 1006 2848 ictus
1030 2807 1110 2866 eges·

60 2899 86 2939 ro
100 2880 182 2951 serit,
208 2878 348 2938 adiuvate
371 2879 535 2953 dexteram,
563 2877 718 2954 deprimite
745 2879 839 2936 telum
862 2881 892 2937 et
915 2880 984 2936 ante
1012 2878 1111 2936 omnia

100 2967 231 3027 detineto
253 2970 376 3043 patrem.
413 2969 511 3026 nescio
530 2986 621 3043 quam
642 2967 731 3044 longe
752 2985 874 3025 manum
893 2985 1048 3042 sparsurus
1072 2967 1111 3025 sit

173 3126 186 3172 1
208 3135 263 3188 que
281 3136 331 3174 om.
347 3127 389 3186 M,
407 3135 482 3188 supr.
496 3139 528 3170 m
582 3123 598 3172 5
617 3117 722 3188 rogari:
742 3118 801 3172 iere
815 3134 829 3171 e
843 3119 981 3173 torosis
1035 3123 1049 3172 7
1068 3134 1111 3172 re·

100 3191 174 3245 disse
198 3200 219 3243 1·
287 3189 431 3259 Spatris
498 3189 521 3243 si
539 3206 615 3258 supr.
630 3198 662 3243 M
719 3189 845 3260 maligna
862 3199 891 3243 Β
962 3194 994 3242 12
1014 3189 1038 3242 si
1056 3189 1109 3243 vis:

100 3279 166 3316 suus
184 3271 214 3329 1'3
234 3261 271 3316 ad
285 3261 406 3316 sceluss
461 3265 493 3314 13
512 3277 617 3330 perago
632 3283 650 3314 α
714 3265 748 3314 20
765 3260 886 3315 voluisse
904 3269 925 3312 V
985 3265 1017 3313 21
1038 3276 1111 3314 oom-

100 3384 203 3437 ponere
221 3377 250 3421 Β
318 3385 400 3438 rogos
418 3385 449 3435 ro
468 3367 573 3421 funeris
595 3376 617 3419 V
685 3373 718 3420 22
738 3368 803 3422 dein
826 3378 847 3420 V
914 3372 948 3420 24
967 3348 995 3420 e⁸
1014 3376 1043 3420 Β

101 3445 134 3495 25
152 3440 264 3507 reliqua
282 3448 323 3494 M:
341 3439 464 3508 reliquas
482 3440 582 3508 reliqdi
653 3444 686 3492 27
706 3439 814 3512 negetis
833 3455 866 3494 ex
884 3438 996 3510 negatis
1017 3447 1042 3492 Β

101 3516 134 3565 28
151 3511 253 3566 vulnus
272 3528 321 3566 om.
336 3520 364 3564 Β
434 3515 468 3565 30
486 3511 515 3564 et
532 3527 582 3566 om.
597 3519 639 3579 M,
658 3528 736 3583 supr.
752 3535 784 3569 m
858 3518 896 3570 tt
914 3528 1019 3585 quam·¹
1038 3511 1083 3580 qd?
1108 3518 1134 3560 ι’
