2408 3840
335 163 640 219 DECLAMATIONES
659 162 800 235 XIVJXV.
1011 164 1077 228 417

57 333 186 395 bendere
210 353 263 393 nec
286 333 465 410 deprehendi
489 334 578 392 audes
603 335 645 407 et,
669 351 736 392 cum
759 332 939 407 admitteris,
963 334 1077 409 suppli-

57 443 139 498 care,
163 442 223 482 non
252 425 402 499 percipere
424 425 518 498 potes.
560 421 648 480 fidem
674 424 817 495 vestram,
847 421 972 496 iudices,
1002 441 1077 498 pau-

57 531 144 591 peres
170 513 376 588 impatientius
407 515 516 570 amant.
558 513 591 569 P.
611 513 637 570 si
664 529 832 570 succurrere
860 511 995 585 voluisti,
1026 526 1078 570 cnr

56 622 119 662 non
149 601 313 674 indulsisti,
343 599 467 660 fovisti?
507 602 551 659 M
576 599 673 676 coepi,
704 599 755 658 sed
784 600 911 659 facultas
941 599 1077 660 ardorem

30 691 196 770 tangebat.
238 691 272 749 P.
292 709 344 749 cur
371 710 431 750 non
458 688 629 750 exclusisti?
670 690 765 748 Met
787 689 843 749 hoc
866 688 998 765 quidem,
1027 690 1078 750 sed

56 782 182 860 vigiliis,
196 779 341 857 precibus,
351 779 482 839 lacrimis
496 778 700 854 praevaluisti.
733 779 766 835 P.
777 781 972 854 exspectares,
986 778 1078 838 donec

56 872 137 930 fame
162 873 192 929 et
214 871 318 945 inopia
341 869 511 946 castigarer.
553 869 598 926 M
618 871 651 926 at
673 869 752 926 inter
773 868 847 926 haec
871 869 1002 943 coepisti.
1043 869 1076 926 P.

56 960 167 1021 saltem
181 959 342 1036 propinqui
357 961 387 1016 et
401 960 489 1016 amici
508 959 711 1017 correxissent.
753 957 799 1015 M.
814 958 840 1016 si
858 958 953 1032 aliqui
971 960 1077 1032 essent,

56 1049 105 1107 illi
119 1052 150 1107 te
164 1052 233 1106 ante
252 1047 404 1122 potionem
423 1049 556 1106 nostram
575 1046 680 1105 vinclis
699 1045 874 1105 tenuissent.
911 1045 1078 1124 indignaris

16 1159 44 1200 16
58 1137 139 1214 quod
161 1139 191 1195 te
214 1137 308 1195 malui
330 1136 460 1196 remedio
485 1153 575 1210 quam
592 1135 698 1194 dolore
722 1133 843 1194 sanari?
866 1138 896 1193 et
919 1135 1025 1195 leviter
1049 1138 1080 1196 61

58 1228 224 1286 necessario
243 1227 400 1302 explicitus
424 1244 462 1286 es.
503 1227 536 1283 P.
556 1227 639 1285 scitis
664 1225 820 1300 quomodo,
843 1223 968 1299 iudices,
992 1245 1079 1300 nunc,

59 1334 137 1375 nunc
160 1335 207 1374 me
230 1315 396 1374 sanandum
423 1315 527 1373 fateor.
569 1314 659 1373 habet
685 1313 807 1388 aliquod
835 1314 976 1373 solatium
1000 1315 1079 1390 quis·

60 1407 127 1481 quis
149 1406 181 1463 in
205 1423 305 1464 amore
322 1407 413 1464 miser
431 1407 483 1464 est.
526 1405 570 1462 M.
591 1405 616 1463 si
639 1403 712 1477 odis,
737 1421 788 1461 cur
807 1422 908 1462 amare
926 1402 1079 1464 intendis?

58 1496 86 1554 si
109 1512 200 1568 amas,
224 1512 276 1552 cur
300 1491 440 1554 accusas?
480 1494 514 1550 P.
533 1493 655 1551 mallem
677 1495 817 1551 neutrum
840 1512 941 1570 agere,
964 1497 1080 1552 utrum-

17 1603 44 1646 11
60 1602 117 1661 que
147 1601 242 1660 posse.
293 1602 348 1662 ego
379 1583 480 1641 odium
510 1582 623 1658 accepi,
659 1581 816 1640 arbitrium
845 1581 970 1658 perdidi.
1019 1602 1080 1643 non

57 1691 180 1749 possum
210 1691 310 1731 amare
341 1672 509 1749 coniugem,
539 1691 598 1730 non
623 1671 740 1730 liberos.
782 1672 827 1730 M
849 1690 908 1730 non
939 1691 1080 1747 amorem,

57 1763 112 1822 sed
130 1761 210 1837 quod
232 1763 354 1835 amasti,
377 1779 436 1819 non
455 1761 649 1837 voluptatem,
673 1760 724 1819 sed
743 1763 891 1820 tormenta
912 1761 1079 1836 perdidisti.

59 1853 87 1911 si
110 1852 213 1925 nescis,
237 1850 314 1908 illud
337 1851 437 1909 odium
460 1852 492 1908 in
515 1851 670 1909 meretrice
693 1850 808 1909 facinus
832 1854 877 1910 est
901 1868 958 1924 quo
982 1852 1082 1908 utitur

60 1940 93 1997 in
117 1940 163 1997 sui
190 1940 352 1999 caritatem.
395 1943 499 1998 contra
527 1956 574 1996 me
602 1938 683 2012 dedi,
710 1957 764 2014 pro
794 1939 855 1998 illis
883 1938 977 2016 igitur
1001 1941 1079 1998 steti.

19 2048 45 2089 16
60 2029 94 2087 Ρ.
115 2047 168 2085 cur
189 2047 248 2086 non
271 2031 374 2088 statim
398 2035 534 2086 amaturo
564 2025 692 2087 dedisti?
733 2028 778 2086 M
799 2028 869 2102 quia
892 2046 952 2086 non
976 2029 1081 2086 statim

59 2135 166 2176 amans
188 2117 333 2177 insanisti.
376 2118 408 2175 Ρ.
429 2137 446 2177 0
470 2120 617 2192 quantum
639 2116 768 2189 facinus,
798 2117 923 2190 iudices,
948 2135 1079 2175 amorem

58 2206 171 2266 mundo
191 2209 310 2282 potione
329 2207 418 2265 tollit.
456 2208 501 2265 M.
521 2224 538 2264 ο
559 2208 671 2281 quanta
690 2206 841 2280 securitas,
859 2205 892 2263 Ρ.
913 2205 953 2280 0,
973 2208 1079 2266 incesti

57 2314 191 2356 errorem
214 2295 349 2369 destruit,
372 2295 513 2354 illicitum
531 2296 662 2354 furorem
681 2295 789 2372 arguit.
831 2295 864 2353 P.
885 2297 971 2370 atqui
994 2315 1081 2356 vene-

58 2385 148 2445 ficam
177 2385 233 2443 hoc
267 2385 354 2443 modo
386 2403 448 2444 esse
479 2387 602 2448 constat.
649 2384 694 2442 M
714 2403 774 2460 qua
805 2382 996 2443 constantia?
1026 2385 1081 2443 illa

20 2492 45 2534 as
59 2473 196 2533 horridos
220 2477 370 2549 aspectus,
397 2474 471 2532 haec
495 2473 635 2550 blandos3
663 2473 718 2533 illa
745 2473 853 2532 faciem
877 2473 1081 2550 inhumanam,

57 2564 135 2622 haec
157 2562 315 2639 placidam.
353 2563 448 2622 omnis
466 2563 554 2621 huius
572 2564 701 2620 intentio
720 2565 774 2636 est,
797 2567 832 2622 ut
854 2567 977 2639 aspectu
1000 2563 1082 2623 solli-

58 2653 143 2724 citet,
162 2669 295 2712 sermone
314 2651 454 2711 detineat.
491 2652 524 2710 P.
540 2652 612 2726 quid
631 2650 754 2710 adme?
778 2671 832 2729 ego
846 2671 993 2711 venenum
1010 2653 1080 2711 bibi.

58 2742 106 2800 M.
127 2740 310 2815 veneficium,
331 2741 362 2799 P.
383 2739 423 2816 0,
443 2742 490 2799 vel
508 2744 603 2800 morte
623 2740 862 2817 deprehenditur,
885 2745 920 2800 ut
938 2742 1082 2802 violentia

59 2848 173 2890 cruore.
215 2831 248 2888 P.
268 2831 389 2889 mallem
407 2832 466 2889 cito
486 2824 692 2907 occidisse<s>.
729 2832 774 2889 ita
792 2830 907 2889 malum
926 2831 1082 2905 ordinasti,

10 2939 44 2980 6ο
60 2922 96 2979 ui
121 2919 172 2978 diu
194 2922 321 2994 paterer.
363 2921 407 2978 M.
427 2920 476 2978 vel
493 2920 692 2978 membrorum
713 2922 794 2993 nota,
818 2923 853 2978 ut
870 2921 986 2979 invasio
1010 2922 1080 2980 ictu.

60 3008 95 3066 P.
115 3009 288 3068 maluissem
312 3009 443 3067 membra
467 3012 607 3082 notasset,
631 3027 690 3066 non
714 3009 855 3067 animum.
898 3011 942 3068 M
965 3010 1082 3068 meliori

60 3099 144 3173 parti
163 3097 327 3156 remedium
344 3098 411 3157 tuli.
449 3099 481 3156 P.
497 3098 615 3158 tulisses
634 3099 736 3175 igitur.
747 3099 860 3158 scienti.
898 3100 995 3175 prima
1012 3118 1082 3174 pars

60 3188 203 3245 sanitatis
227 3189 291 3261 est,
304 3187 432 3246 libenter
450 3187 590 3263 accipere.
627 3204 687 3244 non
711 3186 822 3261 desino,
848 3188 898 3246 sed
918 3206 980 3246 esse
1000 3186 1084 3246 aliud

137 3415 266 3463 iveram
284 3419 329 3464 1Β
400 3415 491 3462 4non
510 3426 560 3464 om
580 3419 625 3464 1Β
696 3412 760 3464 916
779 3427 829 3465 cer.
845 3419 872 3463 P
944 3415 976 3464 18
995 3382 1084 3465 mere-

61 3480 168 3544 tricem
187 3490 232 3535 VB
285 3487 319 3534 26
339 3483 484 3553 aspectum
505 3485 583 3535 um
640 3481 721 3535 ssP.
738 3480 831 3536 (16111
851 3491 896 3535 VB
949 3486 992 3535 32
1002 3485 1083 3563 parte

67 3561 114 3605 VB
185 3567 251 3620 pars
270 3569 320 3606 om
339 3561 412 3605 ῐῑΒ
439 3557 500 3605 11
501 3552 645 3607 'desidero
659 3561 699 3621 R,
718 3553 830 3607 desidio
848 3557 927 3605 vll
1017 3558 1033 3578 ²
1109 3559 1112 3566 “

116 3650 195 3698 07111
221 3654 707 3697 metensomadffimnea
911 3645 947 3692 ‘ax
