2408 3840
134 138 225 192 XXVI
358 198 361 203 ,
535 139 752 194 PRAEFATIO.

135 310 166 365 et
188 307 381 366 Boterodami
405 326 493 382 quam
519 306 720 368 Gronovius
744 309 861 366 curavit
880 309 933 384 qui
955 308 1058 367 multis
1081 309 1156 367 locis

136 397 322 474 elegantibus
342 397 598 456 observationibus
616 399 713 455 lucem
732 399 847 471 attulit,
869 398 946 456 alios
965 399 1085 456 sanavit
1104 401 1158 455 aut

135 487 216 545 viam
240 486 366 544 sanandi
387 487 575 545 monstravit.
618 488 688 545 anni
714 487 799 545 1698
819 485 1013 564 Argentorati
1037 486 1156 545 Ulricus

137 573 293 634 Obrecht
315 594 424 634 novam
447 575 608 634 editionem
631 576 751 650 paravit
778 575 830 652 qui
853 576 954 635 ulcera
976 595 1086 654 magna
1109 595 1157 634 sa·

136 665 266 742 gaoitate
296 665 453 738 tractavit,
482 665 513 721 in
538 666 712 723 universum
740 667 842 723 tamen
871 664 959 740 plura
982 666 1158 724 immutavit

136 773 226 829 quam
256 754 433 812 emendavit.
479 754 678 812 institutionis
709 754 857 813 oratoriae
888 754 1049 812 editionem
1078 753 1156 812 Lon·

135 843 211 901 dinii
237 844 321 902 1714
352 842 465 918 publici
494 843 568 901 iuris
600 843 712 901 factam
741 842 909 902 Gibsonii
936 862 971 902 ea
999 843 1035 902 de
1066 862 1157 903 causa

136 934 255 991 silentio
279 951 338 990 non
357 934 543 1008 praeteream
567 931 647 1008 quod
664 932 715 989 ille
739 933 853 1008 primus
874 933 1027 991 tribunum
1046 932 1157 991 Maria-

135 1042 207 1080 num
229 1023 262 1079 iu
290 1023 387 1080 lucem
416 1021 565 1095 protraxit
596 1021 840 1096 institutionique
871 1022 1005 1081 subiecit.
1056 1024 1157 1080 omnia

136 1110 236 1169 studia
260 1131 276 1168 a
299 1109 449 1186 prioribus
476 1110 509 1168 in
537 1109 767 1170 declamationes
797 1113 896 1186 posita
925 1115 1013 1170 aucta
1041 1111 1102 1170 suis
1127 1114 1157 1169 et

136 1199 360 1276 Schultingii
384 1201 463 1258 notis
491 1199 640 1276 congessit
667 1199 794 1258 Petrus
818 1200 1043 1259 Burmannus
1065 1201 1098 1257 in
1122 1219 1157 1258 ea

135 1290 305 1348 recensione
334 1307 424 1365 quam
452 1308 529 1347 anno
560 1290 645 1349 1720
669 1287 809 1366 Lugduni
837 1289 1019 1348 Batavorum
1049 1289 1155 1347 emisit.

135 1378 263 1436 contulit
294 1380 449 1454 praeterea
481 1396 582 1436 omnes
618 1379 732 1438 codices
766 1377 924 1437 Leidenses
957 1397 1156 1456 magnamque

136 1467 287 1526 variarum
317 1468 479 1526 lectionum
509 1486 544 1526 ex
573 1467 640 1526 aliis
669 1467 755 1526 libris
785 1467 844 1526 sibi
870 1469 1157 1526 communicatarum

135 1557 318 1634 farraginem
341 1556 506 1631 adscripsit.
549 1559 582 1615 at
599 1556 687 1615 valde
706 1557 866 1616 dolendum
889 1560 934 1616 est
957 1556 1037 1631 quod
1060 1556 1158 1614 editor

135 1647 327 1722 neglegenter
344 1663 465 1703 munere
484 1663 537 1703 suo
560 1646 680 1704 functus
700 1648 745 1704 est
763 1666 858 1722 neque
878 1645 1018 1705 subsidiis
1041 1647 1157 1720 paratis

136 1753 172 1793 ea
195 1753 254 1810 qua
277 1753 333 1809 par
356 1736 428 1808 erat,
452 1734 611 1810 diligentia
628 1753 701 1793 usus
724 1739 777 1793 est.
824 1735 1053 1794 declamationes
1077 1736 1157 1792 enim

135 1823 322 1882 institutioni
340 1823 464 1882 subiecit
482 1825 589 1901 magis,
612 1822 739 1899 nequid
759 1823 923 1882 desiderari
940 1827 971 1882 in
996 1842 1049 1883 suo
1069 1842 1157 1899 opere

135 1916 249 1988 posset,
279 1932 370 1988 quarn
392 1916 426 1971 ut
456 1931 505 1971 eas
529 1912 689 1972 admodum
717 1914 823 1990 dignas
851 1916 997 1986 censeret,
1026 1915 1059 1971 in
1083 1933 1157 1988 quas

136 2002 265 2060 multum
282 2003 424 2077 temporis
444 2006 473 2060 et
492 2002 603 2062 laboris
618 2002 809 2077 impenderet.
845 2004 949 2077 itaque
968 2022 1028 2061 non
1047 2004 1158 2060 mirum

136 2090 216 2167 quod
238 2095 351 2149 certam
374 2091 521 2149 rationem
545 2093 699 2166 certasque
727 2093 807 2169 leges
830 2091 861 2149 in
887 2092 1031 2170 eligendis
1054 2091 1157 2151 lectio·

135 2180 222 2239 nibus
246 2180 468 2239 desideraveris.
511 2180 626 2238 accedit
645 2181 724 2255 quod
746 2181 920 2239 collationes
938 2181 988 2239 hic
1009 2181 1074 2239 illic
1091 2201 1158 2256 per·

135 2269 275 2328 turbatae
290 2288 352 2328 esse
366 2270 515 2328 videntur.
556 2289 632 2345 quae
652 2289 834 2345 quamquam
849 2271 894 2328 ita
913 2273 992 2344 sunt,
1011 2270 1156 2330 editiones

137 2362 293 2434 sequentes
330 2359 529 2433 Bipontina
567 2377 643 2417 anno
680 2360 778 2432 1784,
815 2357 953 2417 Parisina
985 2359 1156 2419 Dnssodii

137 2450 222 2506 annis
248 2441 386 2525 1821s25
410 2448 523 2506 inserta
541 2446 738 2506 bibliothecae
757 2447 897 2507 classicae
921 2468 974 2524 per
991 2449 1028 2507 N.
1048 2449 1083 2506 Ε.
1101 2447 1156 2506 Le·

135 2540 229 2596 maire
261 2536 371 2612 editae,
408 2536 599 2595 Taurinensis
633 2537 718 2595 annis
751 2530 890 2616 itallae
924 2557 959 2596 ex
989 2540 1070 2614 typis
1098 2538 1156 2596 Ios.

135 2626 265 2703 Popmae
287 2629 402 2684 textum
421 2627 587 2683 Burmanni
608 2626 800 2700 repetierunt.
842 2628 911 2703 post
934 2646 1046 2686 annum
1071 2627 1154 2685 1826

136 2719 237 2774 autem
255 2715 487 2774 declamationes
507 2715 626 2773 omnino
646 2717 763 2790 spretae
783 2718 872 2790 atque
887 2717 1040 2793 neglectae
1059 2719 1156 2774 iacue-

135 2808 205 2862 runt
215 2823 309 2880 usque
323 2805 361 2863 ad
376 2824 487 2863 annum
499 2805 581 2862 1881
600 2823 658 2878 quo
671 2803 884 2864 Constantinus
893 2805 1156 2864 Ritterinlibro:

137 2887 204 2951 ‘Die
232 2894 495 2969 quintilianischen
519 2892 778 2951 Deklamationen.
824 2893 1054 2971 Untersuchung
1084 2894 1158 2952 iiber

135 2982 194 3040 Art
211 2983 271 3039 und
287 2982 438 3041 Herkunft
452 2978 615 3041 derselben'
637 2983 679 3040 eis
699 2982 795 3040 denuo
815 3001 936 3059 operam
955 2985 1087 3042 navavit.
1121 2984 1157 3041 de

136 3071 243 3129 studiis
266 3072 436 3132 novissimis
460 3072 545 3131 annis
563 3071 596 3129 in
614 3071 931 3141 Pseudo-Quintiliano
955 3073 1109 3131 collocatis
1129 3074 1158 3130 et

135 3161 240 3219 rettuli
259 3165 289 3219 et
302 3162 450 3220 relaturus
465 3179 530 3219 sum
549 3163 581 3220 in
595 3160 736 3219 Bursiani
751 3161 906 3219 annalibus
922 3152 956 3241 (J
957 3161 1159 3220 ahresbericht

136 3250 210 3309 iiber
224 3250 271 3308 die
287 3251 482 3309 Fortschritte
497 3251 549 3308 der
562 3250 745 3309 klassischen
759 3243 1157 3331 Altertumswissenschaft).

137 3357 224 3416 aegre
244 3341 307 3398 fero
328 3341 406 3415 quod
430 3359 465 3398 ea
485 3359 560 3414 quae
578 3339 720 3398 Albertus
739 3338 874 3398 Becker
897 3341 929 3398 in
948 3339 1157 3399 dissertatione

137 3429 243 3504 optimi
254 3429 367 3487 fructus
378 3431 480 3504 plena:
492 3423 858 3498 ‘Pseudo-Quintilianea.’
883 3420 1002 3509 (1904)
1013 3429 1157 3504 exposuit,

126 3516 213 3573 inter
233 3517 373 3575 addenda
396 3518 603 3577 tantummodo
628 3517 754 3593 proferri
776 3521 947 3593 potuerunt.
