<?xml version="1.0" encoding="UTF-8"?>
<!DOCTYPE html PUBLIC "-//W3C//DTD XHTML 1.0 Transitional//EN"
    "http://www.w3.org/TR/xhtml1/DTD/xhtml1-transitional.dtd">
<html xmlns="http://www.w3.org/1999/xhtml" xml:lang="en" lang="en">
 <head>
  <title>
</title>
<meta http-equiv="Content-Type" content="text/html;charset=utf-8" />
  <meta name='ocr-system' content='tesseract 3.04.00' />
  <meta name='ocr-capabilities' content='ocr_page ocr_carea ocr_par ocr_line ocrx_word'/>
</head>
<body>
  <div class='ocr_page' id='page_1' title='image "./qvintilianiqvae01quingoog_0395.png"; bbox 0 0 2408 3840; ppageno 0'>
   <div class='ocr_carea' id='block_1_1' title="bbox 84 129 825 197">
    <p class='ocr_par' dir='ltr' id='par_1_1' title="bbox 84 129 825 197">
     <span class='ocr_line' id='line_1_1' title="bbox 84 129 825 197; baseline -0.016 0"><span class='ocrx_word' id='word_1_1' title='bbox 84 131 150 197; x_wconf 83' lang='lat'><strong>360</strong></span> <span class='ocrx_word' id='word_1_2' title='bbox 368 129 559 189; x_wconf 66' lang='lat' dir='ltr'><strong>axonam</strong></span> <span class='ocrx_word' id='word_1_3' title='bbox 577 129 825 195; x_wconf 64' lang='lat' dir='ltr'><strong>moriennam.</strong></span> 
     </span>
    </p>
   </div>
   <div class='ocr_carea' id='block_1_2' title="bbox 421 348 853 415">
    <p class='ocr_par' dir='ltr' id='par_1_2' title="bbox 421 348 853 415">
     <span class='ocr_line' id='line_1_2' title="bbox 421 348 853 415; baseline 0 -4"><span class='ocrx_word' id='word_1_4' title='bbox 421 351 473 411; x_wconf 87' lang='lat' dir='ltr'><strong>IV.</strong></span> <span class='ocrx_word' id='word_1_5' title='bbox 496 352 756 415; x_wconf 78' lang='lat' dir='ltr'><strong>Marnxxamovs.</strong></span> <span class='ocrx_word' id='word_1_6' title='bbox 850 348 853 352; x_wconf 78' lang='grc'><strong>’</strong></span> 
     </span>
    </p>
   </div>
   <div class='ocr_carea' id='block_1_3' title="bbox 82 475 1135 3400">
    <p class='ocr_par' dir='ltr' id='par_1_3' title="bbox 82 475 1125 998">
     <span class='ocr_line' id='line_1_3' title="bbox 149 475 1090 553; baseline 0.003 -18"><span class='ocrx_word' id='word_1_7' title='bbox 149 475 380 552; x_wconf 71' lang='lat' dir='ltr'><strong>Arpumcatom:</strong></span> <span class='ocrx_word' id='word_1_8' title='bbox 407 476 536 546; x_wconf 81' lang='lat' dir='ltr'><strong>Quidam</strong></span> <span class='ocrx_word' id='word_1_9' title='bbox 558 476 594 536; x_wconf 94' lang='lat' dir='ltr'><strong>de</strong></span> <span class='ocrx_word' id='word_1_10' title='bbox 616 478 707 553; x_wconf 90' lang='lat' dir='ltr'><strong>partu</strong></span> <span class='ocrx_word' id='word_1_11' title='bbox 729 479 831 538; x_wconf 85' lang='lat' dir='ltr'><strong>uxoris</strong></span> <span class='ocrx_word' id='word_1_12' title='bbox 858 478 1090 538; x_wconf 82' lang='lat' dir='ltr'><strong>mathematicum</strong></span> 
     </span>
     <span class='ocr_line' id='line_1_4' title="bbox 87 565 1091 644; baseline 0.002 -20"><span class='ocrx_word' id='word_1_13' title='bbox 87 565 243 625; x_wconf 86' lang='lat' dir='ltr'><strong>consuluit.</strong></span> <span class='ocrx_word' id='word_1_14' title='bbox 284 568 311 625; x_wconf 89' lang='lat' dir='ltr'><strong>is</strong></span> <span class='ocrx_word' id='word_1_15' title='bbox 333 566 489 642; x_wconf 90' lang='lat' dir='ltr'><strong>respondit</strong></span> <span class='ocrx_word' id='word_1_16' title='bbox 509 568 608 626; x_wconf 89' lang='lat' dir='ltr'><strong>virum</strong></span> <span class='ocrx_word' id='word_1_17' title='bbox 630 565 741 626; x_wconf 85' lang='lat' dir='ltr'><strong>fortem</strong></span> <span class='ocrx_word' id='word_1_18' title='bbox 767 567 905 626; x_wconf 79' lang='lat' dir='ltr'><strong>futurum</strong></span> <span class='ocrx_word' id='word_1_19' title='bbox 927 568 979 644; x_wconf 90' lang='lat' dir='ltr'><strong>qui</strong></span> <span class='ocrx_word' id='word_1_20' title='bbox 1000 585 1091 626; x_wconf 82' lang='lat' dir='ltr'><strong>nasce</strong></span> 
     </span>
     <span class='ocr_line' id='line_1_5' title="bbox 82 655 1095 733; baseline 0.003 -20"><span class='ocrx_word' id='word_1_21' title='bbox 82 657 174 731; x_wconf 88' lang='lat' dir='ltr'><strong>retur,</strong></span> <span class='ocrx_word' id='word_1_22' title='bbox 198 655 304 714; x_wconf 88' lang='lat' dir='ltr'><strong>deinde</strong></span> <span class='ocrx_word' id='word_1_23' title='bbox 327 655 516 731; x_wconf 80' lang='lat' dir='ltr'><strong>parricidam.</strong></span> <span class='ocrx_word' id='word_1_24' title='bbox 558 673 626 714; x_wconf 92' lang='lat' dir='ltr'><strong>oum</strong></span> <span class='ocrx_word' id='word_1_25' title='bbox 644 655 825 715; x_wconf 74' lang='lat' dir='ltr'><strong>adolevisset</strong></span> <span class='ocrx_word' id='word_1_26' title='bbox 847 657 902 733; x_wconf 91' lang='lat' dir='ltr'><strong>qui</strong></span> <span class='ocrx_word' id='word_1_27' title='bbox 922 659 987 716; x_wconf 91' lang='lat' dir='ltr'><strong>erat</strong></span> <span class='ocrx_word' id='word_1_28' title='bbox 1004 659 1095 730; x_wconf 84' lang='lat' dir='ltr'><strong>natus,</strong></span> 
     </span>
     <span class='ocr_line' id='line_1_6' title="bbox 82 744 1125 822; baseline 0 -20"><span class='ocrx_word' id='word_1_29' title='bbox 82 744 161 803; x_wconf 92' lang='lat' dir='ltr'><strong>bello</strong></span> <span class='ocrx_word' id='word_1_30' title='bbox 185 744 303 821; x_wconf 78' lang='lat' dir='ltr'><strong>patriae</strong></span> <span class='ocrx_word' id='word_1_31' title='bbox 325 744 444 803; x_wconf 83' lang='lat' dir='ltr'><strong>fortiter</strong></span> <span class='ocrx_word' id='word_1_32' title='bbox 466 745 529 821; x_wconf 83' lang='lat' dir='ltr'><strong>egit</strong></span> <span class='ocrx_word' id='word_1_33' title='bbox 556 746 587 802; x_wconf 92' lang='lat' dir='ltr'><strong>et</strong></span> <span class='ocrx_word' id='word_1_34' title='bbox 608 762 746 821; x_wconf 85' lang='lat' dir='ltr'><strong>pugnans</strong></span> <span class='ocrx_word' id='word_1_35' title='bbox 773 764 829 820; x_wconf 91' lang='lat' dir='ltr'><strong>pro</strong></span> <span class='ocrx_word' id='word_1_36' title='bbox 851 745 954 822; x_wconf 84' lang='lat' dir='ltr'><strong>patria</strong></span> <span class='ocrx_word' id='word_1_37' title='bbox 975 747 1050 805; x_wconf 91' lang='lat' dir='ltr'><strong>vicit</strong></span> <span class='ocrx_word' id='word_1_38' title='bbox 1070 748 1125 804; x_wconf 79' lang='lat' dir='ltr'><strong>ete</strong></span> 
     </span>
     <span class='ocr_line' id='line_1_7' title="bbox 82 833 1096 910; baseline 0 -17"><span class='ocrx_word' id='word_1_39' title='bbox 82 852 149 893; x_wconf 89' lang='lat' dir='ltr'><strong>oum</strong></span> <span class='ocrx_word' id='word_1_40' title='bbox 172 834 273 909; x_wconf 85' lang='lat' dir='ltr'><strong>palma</strong></span> <span class='ocrx_word' id='word_1_41' title='bbox 290 835 427 910; x_wconf 88' lang='lat' dir='ltr'><strong>receptus</strong></span> <span class='ocrx_word' id='word_1_42' title='bbox 451 835 497 893; x_wconf 88' lang='lat' dir='ltr'><strong>est</strong></span> <span class='ocrx_word' id='word_1_43' title='bbox 520 833 552 890; x_wconf 91' lang='lat' dir='ltr'><strong>in</strong></span> <span class='ocrx_word' id='word_1_44' title='bbox 570 834 709 908; x_wconf 87' lang='lat' dir='ltr'><strong>patriam.</strong></span> <span class='ocrx_word' id='word_1_45' title='bbox 750 833 851 893; x_wconf 89' lang='lat' dir='ltr'><strong>reddit</strong></span> <span class='ocrx_word' id='word_1_46' title='bbox 874 851 979 895; x_wconf 83' lang='lat' dir='ltr'><strong>causas</strong></span> <span class='ocrx_word' id='word_1_47' title='bbox 998 835 1096 894; x_wconf 89' lang='lat' dir='ltr'><strong>volun·</strong></span> 
     </span>
     <span class='ocr_line' id='line_1_8' title="bbox 82 920 642 998; baseline -0.004 -16"><span class='ocrx_word' id='word_1_48' title='bbox 82 926 177 982; x_wconf 82' lang='lat' dir='ltr'><strong>toriae</strong></span> <span class='ocrx_word' id='word_1_49' title='bbox 201 923 314 981; x_wconf 87' lang='lat' dir='ltr'><strong>mortis.</strong></span> <span class='ocrx_word' id='word_1_50' title='bbox 355 925 442 998; x_wconf 88' lang='lat' dir='ltr'><strong>pater</strong></span> <span class='ocrx_word' id='word_1_51' title='bbox 464 920 642 981; x_wconf 80' lang='lat' dir='ltr'><strong>contradicit</strong></span> 
     </span>
    </p>

    <p class='ocr_par' dir='ltr' id='par_1_4' title="bbox 82 1010 1135 3400">
     <span class='ocr_line' id='line_1_9' title="bbox 150 1010 1097 1087; baseline 0.003 -19"><span class='ocrx_word' id='word_1_52' title='bbox 150 1011 262 1070; x_wconf 86' lang='lat' dir='ltr'><strong>Nolens</strong></span> <span class='ocrx_word' id='word_1_53' title='bbox 285 1011 364 1070; x_wconf 92' lang='lat' dir='ltr'><strong>enim</strong></span> <span class='ocrx_word' id='word_1_54' title='bbox 382 1030 413 1071; x_wconf 92' lang='lat' dir='ltr'><strong>se</strong></span> <span class='ocrx_word' id='word_1_55' title='bbox 435 1013 535 1087; x_wconf 91' lang='lat' dir='ltr'><strong>ipsum</strong></span> <span class='ocrx_word' id='word_1_56' title='bbox 553 1010 685 1070; x_wconf 88' lang='lat' dir='ltr'><strong>occidere</strong></span> <span class='ocrx_word' id='word_1_57' title='bbox 710 1011 774 1070; x_wconf 88' lang='lat' dir='ltr'><strong>sine</strong></span> <span class='ocrx_word' id='word_1_58' title='bbox 792 1013 943 1071; x_wconf 88' lang='lat' dir='ltr'><strong>sententia</strong></span> <span class='ocrx_word' id='word_1_59' title='bbox 961 1011 1097 1086; x_wconf 85' lang='lat' dir='ltr'><strong>iudicum,</strong></span> 
     </span>
     <span class='ocr_line' id='line_1_10' title="bbox 82 1099 1099 1177; baseline 0.002 -19"><span class='ocrx_word' id='word_1_60' title='bbox 82 1121 120 1159; x_wconf 91' lang='lat' dir='ltr'><strong>ne</strong></span> <span class='ocrx_word' id='word_1_61' title='bbox 138 1102 295 1176; x_wconf 83' lang='lat' dir='ltr'><strong>reputetur</strong></span> <span class='ocrx_word' id='word_1_62' title='bbox 319 1099 468 1159; x_wconf 89' lang='lat' dir='ltr'><strong>homicida</strong></span> <span class='ocrx_word' id='word_1_63' title='bbox 493 1101 540 1158; x_wconf 86' lang='lat' dir='ltr'><strong>sui</strong></span> <span class='ocrx_word' id='word_1_64' title='bbox 563 1100 660 1159; x_wconf 88' lang='lat' dir='ltr'><strong>etita</strong></span> <span class='ocrx_word' id='word_1_65' title='bbox 682 1103 785 1159; x_wconf 88' lang='lat' dir='ltr'><strong>careat</strong></span> <span class='ocrx_word' id='word_1_66' title='bbox 807 1101 972 1177; x_wconf 75' lang='lat' dir='ltr'><strong>sepultura,</strong></span> <span class='ocrx_word' id='word_1_67' title='bbox 996 1102 1099 1160; x_wconf 87' lang='lat' dir='ltr'><strong>nititur</strong></span> 
     </span>
     <span class='ocr_line' id='line_1_11' title="bbox 83 1187 1132 1266; baseline 0 -19"><span class='ocrx_word' id='word_1_68' title='bbox 83 1189 208 1265; x_wconf 89' lang='lat' dir='ltr'><strong>probare</strong></span> <span class='ocrx_word' id='word_1_69' title='bbox 236 1206 337 1248; x_wconf 90' lang='lat' dir='ltr'><strong>eoram</strong></span> <span class='ocrx_word' id='word_1_70' title='bbox 358 1187 506 1248; x_wconf 88' lang='lat' dir='ltr'><strong>iudicibus</strong></span> <span class='ocrx_word' id='word_1_71' title='bbox 536 1188 616 1264; x_wconf 93' lang='lat' dir='ltr'><strong>quod</strong></span> <span class='ocrx_word' id='word_1_72' title='bbox 639 1189 746 1248; x_wconf 91' lang='lat' dir='ltr'><strong>debeat</strong></span> <span class='ocrx_word' id='word_1_73' title='bbox 773 1191 803 1248; x_wconf 91' lang='lat' dir='ltr'><strong>et</strong></span> <span class='ocrx_word' id='word_1_74' title='bbox 824 1193 928 1265; x_wconf 85' lang='lat' dir='ltr'><strong>posset</strong></span> <span class='ocrx_word' id='word_1_75' title='bbox 949 1209 982 1250; x_wconf 87' lang='lat' dir='ltr'><strong>se</strong></span> <span class='ocrx_word' id='word_1_76' title='bbox 1005 1191 1132 1266; x_wconf 76' lang='lat' dir='ltr'><strong>ipsanio</strong></span> 
     </span>
     <span class='ocr_line' id='line_1_12' title="bbox 83 1277 1099 1354; baseline 0.002 -16"><span class='ocrx_word' id='word_1_77' title='bbox 83 1277 223 1338; x_wconf 85' lang='lat' dir='ltr'><strong>occidere.</strong></span> <span class='ocrx_word' id='word_1_78' title='bbox 270 1278 382 1354; x_wconf 83' lang='lat' dir='ltr'><strong>allegat</strong></span> <span class='ocrx_word' id='word_1_79' title='bbox 405 1277 484 1336; x_wconf 87' lang='lat' dir='ltr'><strong>onim</strong></span> <span class='ocrx_word' id='word_1_80' title='bbox 507 1277 620 1338; x_wconf 85' lang='lat' dir='ltr'><strong>dicens:</strong></span> <span class='ocrx_word' id='word_1_81' title='bbox 642 1296 765 1354; x_wconf 87' lang='lat' dir='ltr'><strong>possum</strong></span> <span class='ocrx_word' id='word_1_82' title='bbox 787 1280 818 1338; x_wconf 89' lang='lat' dir='ltr'><strong>et</strong></span> <span class='ocrx_word' id='word_1_83' title='bbox 840 1278 933 1338; x_wconf 89' lang='lat' dir='ltr'><strong>debeo</strong></span> <span class='ocrx_word' id='word_1_84' title='bbox 955 1298 1006 1339; x_wconf 91' lang='lat' dir='ltr'><strong>me</strong></span> <span class='ocrx_word' id='word_1_85' title='bbox 1029 1280 1099 1340; x_wconf 82' lang='lat' dir='ltr'><strong>oeci·</strong></span> 
     </span>
     <span class='ocr_line' id='line_1_13' title="bbox 86 1365 1099 1443; baseline 0.003 -19"><span class='ocrx_word' id='word_1_86' title='bbox 86 1367 163 1441; x_wconf 88' lang='lat' dir='ltr'><strong>dere,</strong></span> <span class='ocrx_word' id='word_1_87' title='bbox 185 1385 223 1425; x_wconf 93' lang='lat' dir='ltr'><strong>ne</strong></span> <span class='ocrx_word' id='word_1_88' title='bbox 246 1365 441 1442; x_wconf 88' lang='lat' dir='ltr'><strong>parricidium</strong></span> <span class='ocrx_word' id='word_1_89' title='bbox 464 1367 658 1425; x_wconf 80' lang='lat' dir='ltr'><strong>committam.</strong></span> <span class='ocrx_word' id='word_1_90' title='bbox 700 1367 804 1443; x_wconf 90' lang='lat' dir='ltr'><strong>utique</strong></span> <span class='ocrx_word' id='word_1_91' title='bbox 828 1366 919 1442; x_wconf 92' lang='lat' dir='ltr'><strong>illud,</strong></span> <span class='ocrx_word' id='word_1_92' title='bbox 941 1369 969 1428; x_wconf 88' lang='lat' dir='ltr'><strong>si</strong></span> <span class='ocrx_word' id='word_1_93' title='bbox 992 1368 1099 1440; x_wconf 84' lang='lat' dir='ltr'><strong>vixero,</strong></span> 
     </span>
     <span class='ocr_line' id='line_1_14' title="bbox 83 1454 1100 1534; baseline 0.002 -21"><span class='ocrx_word' id='word_1_94' title='bbox 83 1455 177 1514; x_wconf 91' lang='lat' dir='ltr'><strong>habeo</strong></span> <span class='ocrx_word' id='word_1_95' title='bbox 208 1457 408 1530; x_wconf 86' lang='lat' dir='ltr'><strong>committere,</strong></span> <span class='ocrx_word' id='word_1_96' title='bbox 436 1454 665 1515; x_wconf 85' lang='lat' dir='ltr'><strong>mathematicus</strong></span> <span class='ocrx_word' id='word_1_97' title='bbox 696 1457 775 1515; x_wconf 90' lang='lat' dir='ltr'><strong>enim</strong></span> <span class='ocrx_word' id='word_1_98' title='bbox 804 1455 847 1516; x_wconf 86' lang='lat' dir='ltr'><strong>sio</strong></span> <span class='ocrx_word' id='word_1_99' title='bbox 875 1456 1030 1531; x_wconf 87' lang='lat' dir='ltr'><strong>praedixit</strong></span> <span class='ocrx_word' id='word_1_100' title='bbox 1050 1459 1100 1534; x_wconf 87' lang='lat' dir='ltr'><strong>qni</strong></span> 
     </span>
     <span class='ocr_line' id='line_1_15' title="bbox 84 1544 1098 1622; baseline 0.001 -19"><span class='ocrx_word' id='word_1_101' title='bbox 84 1544 157 1603; x_wconf 91' lang='lat' dir='ltr'><strong>adeo</strong></span> <span class='ocrx_word' id='word_1_102' title='bbox 185 1563 276 1604; x_wconf 87' lang='lat' dir='ltr'><strong>verax</strong></span> <span class='ocrx_word' id='word_1_103' title='bbox 299 1546 345 1603; x_wconf 87' lang='lat' dir='ltr'><strong>est</strong></span> <span class='ocrx_word' id='word_1_104' title='bbox 373 1544 453 1620; x_wconf 93' lang='lat' dir='ltr'><strong>quod</strong></span> <span class='ocrx_word' id='word_1_105' title='bbox 481 1545 684 1622; x_wconf 82' lang='lat' dir='ltr'><strong>interrogatus</strong></span> <span class='ocrx_word' id='word_1_106' title='bbox 712 1544 748 1602; x_wconf 89' lang='lat' dir='ltr'><strong>de</strong></span> <span class='ocrx_word' id='word_1_107' title='bbox 775 1547 866 1621; x_wconf 89' lang='lat' dir='ltr'><strong>partu</strong></span> <span class='ocrx_word' id='word_1_108' title='bbox 893 1547 926 1604; x_wconf 91' lang='lat' dir='ltr'><strong>in</strong></span> <span class='ocrx_word' id='word_1_109' title='bbox 948 1547 1036 1606; x_wconf 89' lang='lat' dir='ltr'><strong>nullo</strong></span> <span class='ocrx_word' id='word_1_110' title='bbox 1057 1565 1098 1605; x_wconf 92' lang='lat' dir='ltr'><strong>er·</strong></span> 
     </span>
     <span class='ocr_line' id='line_1_16' title="bbox 82 1633 1132 1708; baseline 0.002 -18"><span class='ocrx_word' id='word_1_111' title='bbox 82 1634 172 1705; x_wconf 87' lang='lat' dir='ltr'><strong>ravit,</strong></span> <span class='ocrx_word' id='word_1_112' title='bbox 195 1653 255 1692; x_wconf 92' lang='lat' dir='ltr'><strong>non</strong></span> <span class='ocrx_word' id='word_1_113' title='bbox 273 1635 306 1691; x_wconf 95' lang='lat' dir='ltr'><strong>in</strong></span> <span class='ocrx_word' id='word_1_114' title='bbox 324 1653 394 1693; x_wconf 88' lang='lat' dir='ltr'><strong>sexu</strong></span> <span class='ocrx_word' id='word_1_115' title='bbox 414 1634 467 1708; x_wconf 88' lang='lat' dir='ltr'><strong>qui</strong></span> <span class='ocrx_word' id='word_1_116' title='bbox 488 1635 586 1692; x_wconf 88' lang='lat' dir='ltr'><strong>virum</strong></span> <span class='ocrx_word' id='word_1_117' title='bbox 604 1633 668 1692; x_wconf 83' lang='lat' dir='ltr'><strong>fore</strong></span> <span class='ocrx_word' id='word_1_118' title='bbox 691 1633 769 1693; x_wconf 87' lang='lat' dir='ltr'><strong>dixit</strong></span> <span class='ocrx_word' id='word_1_119' title='bbox 790 1636 821 1693; x_wconf 88' lang='lat' dir='ltr'><strong>et</strong></span> <span class='ocrx_word' id='word_1_120' title='bbox 839 1633 949 1694; x_wconf 83' lang='lat' dir='ltr'><strong>fortem</strong></span> <span class='ocrx_word' id='word_1_121' title='bbox 973 1639 1006 1694; x_wconf 89' lang='lat' dir='ltr'><strong>et</strong></span> <span class='ocrx_word' id='word_1_122' title='bbox 1028 1638 1098 1695; x_wconf 76' lang='lat' dir='ltr'><strong>stre</strong></span> <span class='ocrx_word' id='word_1_123' title='bbox 1111 1652 1132 1692; x_wconf 78' lang='lat' dir='ltr'><strong>re</strong></span> 
     </span>
     <span class='ocr_line' id='line_1_17' title="bbox 83 1723 1098 1800; baseline 0.003 -20"><span class='ocrx_word' id='word_1_124' title='bbox 83 1741 175 1780; x_wconf 92' lang='lat' dir='ltr'><strong>nuum</strong></span> <span class='ocrx_word' id='word_1_125' title='bbox 193 1742 247 1799; x_wconf 95' lang='lat' dir='ltr'><strong>pro</strong></span> <span class='ocrx_word' id='word_1_126' title='bbox 267 1723 375 1797; x_wconf 84' lang='lat' dir='ltr'><strong>patria.</strong></span> <span class='ocrx_word' id='word_1_127' title='bbox 404 1741 479 1798; x_wconf 89' lang='lat' dir='ltr'><strong>quae</strong></span> <span class='ocrx_word' id='word_1_128' title='bbox 493 1723 595 1781; x_wconf 89' lang='lat' dir='ltr'><strong>omnia</strong></span> <span class='ocrx_word' id='word_1_129' title='bbox 613 1723 803 1800; x_wconf 78' lang='lat' dir='ltr'><strong>contigerimt</strong></span> <span class='ocrx_word' id='word_1_130' title='bbox 821 1724 852 1782; x_wconf 91' lang='lat' dir='ltr'><strong>et</strong></span> <span class='ocrx_word' id='word_1_131' title='bbox 870 1741 905 1782; x_wconf 88' lang='lat' dir='ltr'><strong>eo</strong></span> <span class='ocrx_word' id='word_1_132' title='bbox 923 1723 1098 1800; x_wconf 86' lang='lat' dir='ltr'><strong>ordineque</strong></span> 
     </span>
     <span class='ocr_line' id='line_1_18' title="bbox 84 1810 1099 1889; baseline 0.005 -21"><span class='ocrx_word' id='word_1_133' title='bbox 84 1810 166 1868; x_wconf 81' lang='lat' dir='ltr'><strong>dixit.</strong></span> <span class='ocrx_word' id='word_1_134' title='bbox 216 1811 287 1886; x_wconf 89' lang='lat' dir='ltr'><strong>quid</strong></span> <span class='ocrx_word' id='word_1_135' title='bbox 315 1830 385 1889; x_wconf 83' lang='lat' dir='ltr'><strong>ergo</strong></span> <span class='ocrx_word' id='word_1_136' title='bbox 417 1829 495 1870; x_wconf 90' lang='lat' dir='ltr'><strong>nuno</strong></span> <span class='ocrx_word' id='word_1_137' title='bbox 526 1813 621 1871; x_wconf 88' lang='lat' dir='ltr'><strong>restat</strong></span> <span class='ocrx_word' id='word_1_138' title='bbox 651 1811 711 1870; x_wconf 88' lang='lat' dir='ltr'><strong>nisi</strong></span> <span class='ocrx_word' id='word_1_139' title='bbox 737 1811 879 1870; x_wconf 90' lang='lat' dir='ltr'><strong>ultimum</strong></span> <span class='ocrx_word' id='word_1_140' title='bbox 908 1813 991 1888; x_wconf 92' lang='lat' dir='ltr'><strong>quod</strong></span> <span class='ocrx_word' id='word_1_141' title='bbox 1018 1813 1099 1885; x_wconf 70' lang='lat' dir='ltr'><strong>dixit,</strong></span> 
     </span>
     <span class='ocr_line' id='line_1_19' title="bbox 84 1899 1099 1976; baseline 0.002 -18"><span class='ocrx_word' id='word_1_142' title='bbox 84 1900 163 1976; x_wconf 89' lang='lat' dir='ltr'><strong>quod</strong></span> <span class='ocrx_word' id='word_1_143' title='bbox 196 1901 381 1959; x_wconf 84' lang='lat' dir='ltr'><strong>committam</strong></span> <span class='ocrx_word' id='word_1_144' title='bbox 410 1899 610 1976; x_wconf 89' lang='lat' dir='ltr'><strong>parricidium.</strong></span> <span class='ocrx_word' id='word_1_145' title='bbox 653 1899 733 1976; x_wconf 93' lang='lat' dir='ltr'><strong>quod</strong></span> <span class='ocrx_word' id='word_1_146' title='bbox 762 1902 798 1958; x_wconf 87' lang='lat' dir='ltr'><strong>ut</strong></span> <span class='ocrx_word' id='word_1_147' title='bbox 825 1899 932 1961; x_wconf 86' lang='lat' dir='ltr'><strong>melius</strong></span> <span class='ocrx_word' id='word_1_148' title='bbox 962 1903 1099 1961; x_wconf 85' lang='lat' dir='ltr'><strong>credatur</strong></span> 
     </span>
     <span class='ocr_line' id='line_1_20' title="bbox 83 1989 1098 2066; baseline 0.001 -19"><span class='ocrx_word' id='word_1_149' title='bbox 83 1991 231 2064; x_wconf 86' lang='lat' dir='ltr'><strong>futurum,</strong></span> <span class='ocrx_word' id='word_1_150' title='bbox 259 1990 396 2066; x_wconf 85' lang='lat' dir='ltr'><strong>permisit</strong></span> <span class='ocrx_word' id='word_1_151' title='bbox 418 1990 479 2048; x_wconf 82' lang='lat' dir='ltr'><strong>alia</strong></span> <span class='ocrx_word' id='word_1_152' title='bbox 502 2007 579 2064; x_wconf 89' lang='lat' dir='ltr'><strong>quae</strong></span> <span class='ocrx_word' id='word_1_153' title='bbox 605 1989 667 2049; x_wconf 90' lang='lat' dir='ltr'><strong>iam</strong></span> <span class='ocrx_word' id='word_1_154' title='bbox 690 1991 865 2064; x_wconf 89' lang='lat' dir='ltr'><strong>evenerunt,</strong></span> <span class='ocrx_word' id='word_1_155' title='bbox 892 1992 928 2049; x_wconf 88' lang='lat' dir='ltr'><strong>nt</strong></span> <span class='ocrx_word' id='word_1_156' title='bbox 951 1991 1036 2066; x_wconf 91' lang='lat' dir='ltr'><strong>quod</strong></span> <span class='ocrx_word' id='word_1_157' title='bbox 1056 1992 1098 2048; x_wconf 85' lang='lat' dir='ltr'><strong>fu·</strong></span> 
     </span>
     <span class='ocr_line' id='line_1_21' title="bbox 85 2077 1131 2154; baseline 0 -18"><span class='ocrx_word' id='word_1_158' title='bbox 85 2082 188 2136; x_wconf 91' lang='lat' dir='ltr'><strong>turum</strong></span> <span class='ocrx_word' id='word_1_159' title='bbox 210 2078 377 2152; x_wconf 87' lang='lat' dir='ltr'><strong>occidatur,</strong></span> <span class='ocrx_word' id='word_1_160' title='bbox 404 2081 447 2152; x_wconf 87' lang='lat' dir='ltr'><strong>et,</strong></span> <span class='ocrx_word' id='word_1_161' title='bbox 473 2080 499 2137; x_wconf 89' lang='lat' dir='ltr'><strong>si</strong></span> <span class='ocrx_word' id='word_1_162' title='bbox 521 2078 617 2152; x_wconf 88' lang='lat' dir='ltr'><strong>dicas,</strong></span> <span class='ocrx_word' id='word_1_163' title='bbox 647 2077 726 2154; x_wconf 91' lang='lat' dir='ltr'><strong>quod</strong></span> <span class='ocrx_word' id='word_1_164' title='bbox 753 2078 849 2137; x_wconf 84' lang='lat' dir='ltr'><strong>fatum</strong></span> <span class='ocrx_word' id='word_1_165' title='bbox 876 2079 1022 2154; x_wconf 81' lang='lat' dir='ltr'><strong>impediri</strong></span> <span class='ocrx_word' id='word_1_166' title='bbox 1043 2096 1131 2138; x_wconf 79' lang='lat' dir='ltr'><strong>norro</strong></span> 
     </span>
     <span class='ocr_line' id='line_1_22' title="bbox 84 2166 1097 2247; baseline 0.003 -22"><span class='ocrx_word' id='word_1_167' title='bbox 84 2170 191 2243; x_wconf 89' lang='lat' dir='ltr'><strong>potest.</strong></span> <span class='ocrx_word' id='word_1_168' title='bbox 234 2186 304 2244; x_wconf 83' lang='lat' dir='ltr'><strong>ergo</strong></span> <span class='ocrx_word' id='word_1_169' title='bbox 327 2168 457 2242; x_wconf 88' lang='lat' dir='ltr'><strong>oportet,</strong></span> <span class='ocrx_word' id='word_1_170' title='bbox 486 2167 566 2242; x_wconf 92' lang='lat' dir='ltr'><strong>quod</strong></span> <span class='ocrx_word' id='word_1_171' title='bbox 588 2169 705 2243; x_wconf 90' lang='lat' dir='ltr'><strong>patrem</strong></span> <span class='ocrx_word' id='word_1_172' title='bbox 728 2166 873 2247; x_wconf 69' lang='lat' dir='ltr'><strong>occidam,</strong></span> <span class='ocrx_word' id='word_1_173' title='bbox 896 2170 928 2227; x_wconf 92' lang='lat' dir='ltr'><strong>et</strong></span> <span class='ocrx_word' id='word_1_174' title='bbox 950 2168 1035 2244; x_wconf 90' lang='lat' dir='ltr'><strong>quod</strong></span> <span class='ocrx_word' id='word_1_175' title='bbox 1055 2188 1097 2228; x_wconf 87' lang='lat' dir='ltr'><strong>me</strong></span> 
     </span>
     <span class='ocr_line' id='line_1_23' title="bbox 84 2255 1097 2332; baseline 0.003 -18"><span class='ocrx_word' id='word_1_176' title='bbox 84 2276 143 2315; x_wconf 92' lang='lat' dir='ltr'><strong>non</strong></span> <span class='ocrx_word' id='word_1_177' title='bbox 165 2255 349 2315; x_wconf 87' lang='lat' dir='ltr'><strong>interficiam.</strong></span> <span class='ocrx_word' id='word_1_178' title='bbox 391 2256 458 2316; x_wconf 89' lang='lat' dir='ltr'><strong>dico</strong></span> <span class='ocrx_word' id='word_1_179' title='bbox 482 2257 571 2331; x_wconf 86' lang='lat' dir='ltr'><strong>quod,</strong></span> <span class='ocrx_word' id='word_1_180' title='bbox 594 2256 620 2316; x_wconf 92' lang='lat' dir='ltr'><strong>si</strong></span> <span class='ocrx_word' id='word_1_181' title='bbox 643 2276 690 2315; x_wconf 91' lang='lat' dir='ltr'><strong>me</strong></span> <span class='ocrx_word' id='word_1_182' title='bbox 708 2255 862 2331; x_wconf 85' lang='lat' dir='ltr'><strong>interficio,</strong></span> <span class='ocrx_word' id='word_1_183' title='bbox 880 2257 1097 2332; x_wconf 89' lang='lat' dir='ltr'><strong>quodammodo</strong></span> 
     </span>
     <span class='ocr_line' id='line_1_24' title="bbox 83 2343 1098 2423; baseline 0.004 -20"><span class='ocrx_word' id='word_1_184' title='bbox 83 2347 200 2421; x_wconf 86' lang='lat' dir='ltr'><strong>patrem</strong></span> <span class='ocrx_word' id='word_1_185' title='bbox 218 2347 341 2420; x_wconf 87' lang='lat' dir='ltr'><strong>propter</strong></span> <span class='ocrx_word' id='word_1_186' title='bbox 359 2345 519 2403; x_wconf 86' lang='lat' dir='ltr'><strong>orbitatem</strong></span> <span class='ocrx_word' id='word_1_187' title='bbox 536 2343 691 2419; x_wconf 85' lang='lat' dir='ltr'><strong>interficio,</strong></span> <span class='ocrx_word' id='word_1_188' title='bbox 715 2363 769 2423; x_wconf 81' lang='lat' dir='ltr'><strong>ego</strong></span> <span class='ocrx_word' id='word_1_189' title='bbox 789 2347 891 2404; x_wconf 85' lang='lat' dir='ltr'><strong>autem</strong></span> <span class='ocrx_word' id='word_1_190' title='bbox 909 2364 969 2405; x_wconf 91' lang='lat' dir='ltr'><strong>non</strong></span> <span class='ocrx_word' id='word_1_191' title='bbox 990 2348 1098 2407; x_wconf 87' lang='lat' dir='ltr'><strong>moriar</strong></span> 
     </span>
     <span class='ocr_line' id='line_1_25' title="bbox 85 2434 1098 2510; baseline 0.004 -18"><span class='ocrx_word' id='word_1_192' title='bbox 85 2434 165 2509; x_wconf 93' lang='lat' dir='ltr'><strong>quod</strong></span> <span class='ocrx_word' id='word_1_193' title='bbox 192 2437 314 2510; x_wconf 90' lang='lat' dir='ltr'><strong>propter</strong></span> <span class='ocrx_word' id='word_1_194' title='bbox 341 2434 533 2493; x_wconf 85' lang='lat' dir='ltr'><strong>strenuitates</strong></span> <span class='ocrx_word' id='word_1_195' title='bbox 560 2452 634 2508; x_wconf 91' lang='lat' dir='ltr'><strong>quas</strong></span> <span class='ocrx_word' id='word_1_196' title='bbox 657 2434 728 2508; x_wconf 88' lang='lat' dir='ltr'><strong>feci,</strong></span> <span class='ocrx_word' id='word_1_197' title='bbox 755 2434 838 2493; x_wconf 88' lang='lat' dir='ltr'><strong>vivet</strong></span> <span class='ocrx_word' id='word_1_198' title='bbox 863 2436 1012 2496; x_wconf 90' lang='lat' dir='ltr'><strong>memoria</strong></span> <span class='ocrx_word' id='word_1_199' title='bbox 1035 2438 1098 2507; x_wconf 78' lang='lat' dir='ltr'><strong>mei,</strong></span> 
     </span>
     <span class='ocr_line' id='line_1_26' title="bbox 84 2523 1129 2601; baseline -0.002 -20"><span class='ocrx_word' id='word_1_200' title='bbox 84 2527 114 2581; x_wconf 89' lang='lat' dir='ltr'><strong>et</strong></span> <span class='ocrx_word' id='word_1_201' title='bbox 138 2524 180 2582; x_wconf 90' lang='lat' dir='ltr'><strong>sic</strong></span> <span class='ocrx_word' id='word_1_202' title='bbox 202 2542 261 2581; x_wconf 92' lang='lat' dir='ltr'><strong>non</strong></span> <span class='ocrx_word' id='word_1_203' title='bbox 284 2541 384 2601; x_wconf 84' lang='lat' dir='ltr'><strong>pugno</strong></span> <span class='ocrx_word' id='word_1_204' title='bbox 404 2525 508 2582; x_wconf 87' lang='lat' dir='ltr'><strong>contra</strong></span> <span class='ocrx_word' id='word_1_205' title='bbox 531 2523 635 2582; x_wconf 84' lang='lat' dir='ltr'><strong>fatum.</strong></span> <span class='ocrx_word' id='word_1_206' title='bbox 677 2543 694 2582; x_wconf 94' lang='lat' dir='ltr'><strong>o</strong></span> <span class='ocrx_word' id='word_1_207' title='bbox 717 2525 804 2599; x_wconf 84' lang='lat' dir='ltr'><strong>pater</strong></span> <span class='ocrx_word' id='word_1_208' title='bbox 825 2525 877 2598; x_wconf 84' lang='lat' dir='ltr'><strong>mi,</strong></span> <span class='ocrx_word' id='word_1_209' title='bbox 901 2527 1019 2598; x_wconf 83' lang='lat' dir='ltr'><strong>quanta</strong></span> <span class='ocrx_word' id='word_1_210' title='bbox 1044 2527 1129 2584; x_wconf 75' lang='lat' dir='ltr'><strong>fuito</strong></span> 
     </span>
     <span class='ocr_line' id='line_1_27' title="bbox 83 2611 1099 2687; baseline 0.004 -17"><span class='ocrx_word' id='word_1_211' title='bbox 83 2614 137 2671; x_wconf 90' lang='lat' dir='ltr'><strong>tua</strong></span> <span class='ocrx_word' id='word_1_212' title='bbox 160 2614 269 2671; x_wconf 87' lang='lat' dir='ltr'><strong>caritas</strong></span> <span class='ocrx_word' id='word_1_213' title='bbox 293 2614 323 2669; x_wconf 90' lang='lat' dir='ltr'><strong>et</strong></span> <span class='ocrx_word' id='word_1_214' title='bbox 345 2612 441 2687; x_wconf 85' lang='lat' dir='ltr'><strong>pietas</strong></span> <span class='ocrx_word' id='word_1_215' title='bbox 461 2613 521 2687; x_wconf 87' lang='lat' dir='ltr'><strong>qui,</strong></span> <span class='ocrx_word' id='word_1_216' title='bbox 545 2630 613 2671; x_wconf 88' lang='lat' dir='ltr'><strong>oum</strong></span> <span class='ocrx_word' id='word_1_217' title='bbox 630 2611 762 2672; x_wconf 88' lang='lat' dir='ltr'><strong>audisses</strong></span> <span class='ocrx_word' id='word_1_218' title='bbox 785 2631 804 2671; x_wconf 95' lang='lat' dir='ltr'><strong>a</strong></span> <span class='ocrx_word' id='word_1_219' title='bbox 826 2613 912 2671; x_wconf 92' lang='lat' dir='ltr'><strong>tanto</strong></span> <span class='ocrx_word' id='word_1_220' title='bbox 936 2614 1099 2674; x_wconf 87' lang='lat' dir='ltr'><strong>mathema·</strong></span> 
     </span>
     <span class='ocr_line' id='line_1_28' title="bbox 84 2700 1099 2776; baseline 0.004 -18"><span class='ocrx_word' id='word_1_221' title='bbox 84 2702 144 2760; x_wconf 89' lang='lat' dir='ltr'><strong>tico</strong></span> <span class='ocrx_word' id='word_1_222' title='bbox 174 2701 253 2775; x_wconf 93' lang='lat' dir='ltr'><strong>quod</strong></span> <span class='ocrx_word' id='word_1_223' title='bbox 284 2700 363 2760; x_wconf 90' lang='lat' dir='ltr'><strong>filius</strong></span> <span class='ocrx_word' id='word_1_224' title='bbox 398 2701 518 2760; x_wconf 87' lang='lat' dir='ltr'><strong>adultus</strong></span> <span class='ocrx_word' id='word_1_225' title='bbox 552 2701 688 2760; x_wconf 91' lang='lat' dir='ltr'><strong>deberem</strong></span> <span class='ocrx_word' id='word_1_226' title='bbox 717 2703 748 2759; x_wconf 89' lang='lat' dir='ltr'><strong>te</strong></span> <span class='ocrx_word' id='word_1_227' title='bbox 778 2700 925 2776; x_wconf 87' lang='lat' dir='ltr'><strong>occidere,</strong></span> <span class='ocrx_word' id='word_1_228' title='bbox 955 2720 1027 2762; x_wconf 91' lang='lat' dir='ltr'><strong>cum</strong></span> <span class='ocrx_word' id='word_1_229' title='bbox 1056 2722 1099 2762; x_wconf 91' lang='lat' dir='ltr'><strong>me</strong></span> 
     </span>
     <span class='ocr_line' id='line_1_29' title="bbox 84 2788 1100 2867; baseline 0.003 -20"><span class='ocrx_word' id='word_1_230' title='bbox 84 2789 234 2867; x_wconf 84' lang='lat' dir='ltr'><strong>iugulasse</strong></span> <span class='ocrx_word' id='word_1_231' title='bbox 253 2788 381 2862; x_wconf 81' lang='lat' dir='ltr'><strong>deberes,</strong></span> <span class='ocrx_word' id='word_1_232' title='bbox 404 2789 529 2849; x_wconf 89' lang='lat' dir='ltr'><strong>delicate</strong></span> <span class='ocrx_word' id='word_1_233' title='bbox 548 2791 679 2862; x_wconf 59' lang='lat' dir='ltr'><strong>nutristi,</strong></span> <span class='ocrx_word' id='word_1_234' title='bbox 702 2808 796 2866; x_wconf 88' lang='lat' dir='ltr'><strong>nuper</strong></span> <span class='ocrx_word' id='word_1_235' title='bbox 814 2789 906 2848; x_wconf 86' lang='lat' dir='ltr'><strong>etiem</strong></span> <span class='ocrx_word' id='word_1_236' title='bbox 924 2790 1100 2850; x_wconf 91' lang='lat' dir='ltr'><strong>imminente</strong></span> 
     </span>
     <span class='ocr_line' id='line_1_30' title="bbox 83 2878 1100 2956; baseline 0.004 -20"><span class='ocrx_word' id='word_1_237' title='bbox 83 2878 162 2936; x_wconf 92' lang='lat' dir='ltr'><strong>bello</strong></span> <span class='ocrx_word' id='word_1_238' title='bbox 185 2879 301 2954; x_wconf 90' lang='lat' dir='ltr'><strong>patriae</strong></span> <span class='ocrx_word' id='word_1_239' title='bbox 321 2898 367 2937; x_wconf 92' lang='lat' dir='ltr'><strong>me</strong></span> <span class='ocrx_word' id='word_1_240' title='bbox 389 2879 453 2953; x_wconf 89' lang='lat' dir='ltr'><strong>ipse</strong></span> <span class='ocrx_word' id='word_1_241' title='bbox 472 2879 602 2938; x_wconf 87' lang='lat' dir='ltr'><strong>armasti.</strong></span> <span class='ocrx_word' id='word_1_242' title='bbox 649 2897 703 2956; x_wconf 82' lang='lat' dir='ltr'><strong>ego</strong></span> <span class='ocrx_word' id='word_1_243' title='bbox 728 2882 827 2938; x_wconf 90' lang='lat' dir='ltr'><strong>autem</strong></span> <span class='ocrx_word' id='word_1_244' title='bbox 848 2880 919 2954; x_wconf 86' lang='lat' dir='ltr'><strong>post</strong></span> <span class='ocrx_word' id='word_1_245' title='bbox 941 2878 1100 2940; x_wconf 69' lang='lat' dir='ltr'><strong>victoriam</strong></span> 
     </span>
     <span class='ocr_line' id='line_1_31' title="bbox 84 2966 1135 3044; baseline 0.002 -20"><span class='ocrx_word' id='word_1_246' title='bbox 84 2970 216 3026; x_wconf 87' lang='lat' dir='ltr'><strong>armatus</strong></span> <span class='ocrx_word' id='word_1_247' title='bbox 239 2966 355 3026; x_wconf 89' lang='lat' dir='ltr'><strong>rediens</strong></span> <span class='ocrx_word' id='word_1_248' title='bbox 383 2968 583 3043; x_wconf 88' lang='lat' dir='ltr'><strong>applaudente</strong></span> <span class='ocrx_word' id='word_1_249' title='bbox 609 2968 721 3044; x_wconf 92' lang='lat' dir='ltr'><strong>populo</strong></span> <span class='ocrx_word' id='word_1_250' title='bbox 745 2987 763 3027; x_wconf 92' lang='lat' dir='ltr'><strong>a</strong></span> <span class='ocrx_word' id='word_1_251' title='bbox 785 2970 815 3027; x_wconf 88' lang='lat' dir='ltr'><strong>te</strong></span> <span class='ocrx_word' id='word_1_252' title='bbox 838 2967 950 3026; x_wconf 87' lang='lat' dir='ltr'><strong>diverti</strong></span> <span class='ocrx_word' id='word_1_253' title='bbox 972 2987 1029 3028; x_wconf 91' lang='lat' dir='ltr'><strong>nec</strong></span> <span class='ocrx_word' id='word_1_254' title='bbox 1052 2988 1099 3028; x_wconf 88' lang='lat' dir='ltr'><strong>ou·</strong></span> <span class='ocrx_word' id='word_1_255' title='bbox 1112 2986 1135 3026; x_wconf 73' lang='lat' dir='ltr'><strong>a</strong></span> 
     </span>
     <span class='ocr_line' id='line_1_32' title="bbox 84 3055 1100 3132; baseline 0.004 -18"><span class='ocrx_word' id='word_1_256' title='bbox 84 3056 162 3114; x_wconf 88' lang='lat' dir='ltr'><strong>curri</strong></span> <span class='ocrx_word' id='word_1_257' title='bbox 185 3056 217 3114; x_wconf 90' lang='lat' dir='ltr'><strong>in</strong></span> <span class='ocrx_word' id='word_1_258' title='bbox 240 3057 393 3131; x_wconf 87' lang='lat' dir='ltr'><strong>amplexus</strong></span> <span class='ocrx_word' id='word_1_259' title='bbox 416 3059 496 3131; x_wconf 88' lang='lat' dir='ltr'><strong>tuos,</strong></span> <span class='ocrx_word' id='word_1_260' title='bbox 524 3076 561 3115; x_wconf 90' lang='lat' dir='ltr'><strong>ne</strong></span> <span class='ocrx_word' id='word_1_261' title='bbox 584 3056 661 3116; x_wconf 84' lang='lat' dir='ltr'><strong>forte</strong></span> <span class='ocrx_word' id='word_1_262' title='bbox 686 3057 858 3132; x_wconf 89' lang='lat' dir='ltr'><strong>impellente</strong></span> <span class='ocrx_word' id='word_1_263' title='bbox 880 3055 946 3116; x_wconf 84' lang='lat' dir='ltr'><strong>fato</strong></span> <span class='ocrx_word' id='word_1_264' title='bbox 968 3060 1000 3117; x_wconf 89' lang='lat' dir='ltr'><strong>te</strong></span> <span class='ocrx_word' id='word_1_265' title='bbox 1025 3060 1100 3118; x_wconf 88' lang='lat' dir='ltr'><strong>oooi·</strong></span> 
     </span>
     <span class='ocr_line' id='line_1_33' title="bbox 83 3144 1100 3222; baseline 0.004 -20"><span class='ocrx_word' id='word_1_266' title='bbox 83 3144 190 3203; x_wconf 86' lang='lat' dir='ltr'><strong>dorem.</strong></span> <span class='ocrx_word' id='word_1_267' title='bbox 232 3145 339 3204; x_wconf 85' lang='lat' dir='ltr'><strong>victori</strong></span> <span class='ocrx_word' id='word_1_268' title='bbox 361 3145 477 3221; x_wconf 83' lang='lat' dir='ltr'><strong>patriae</strong></span> <span class='ocrx_word' id='word_1_269' title='bbox 496 3145 640 3206; x_wconf 88' lang='lat' dir='ltr'><strong>debentur</strong></span> <span class='ocrx_word' id='word_1_270' title='bbox 661 3145 759 3219; x_wconf 91' lang='lat' dir='ltr'><strong>tituli,</strong></span> <span class='ocrx_word' id='word_1_271' title='bbox 780 3146 936 3222; x_wconf 81' lang='lat' dir='ltr'><strong>imagines,</strong></span> <span class='ocrx_word' id='word_1_272' title='bbox 958 3146 1100 3222; x_wconf 82' lang='lat' dir='ltr'><strong>honores3</strong></span> 
     </span>
     <span class='ocr_line' id='line_1_34' title="bbox 83 3233 1100 3313; baseline 0.003 -21"><span class='ocrx_word' id='word_1_273' title='bbox 83 3233 156 3292; x_wconf 87' lang='lat' dir='ltr'><strong>haec</strong></span> <span class='ocrx_word' id='word_1_274' title='bbox 178 3253 250 3312; x_wconf 84' lang='lat' dir='ltr'><strong>rogo</strong></span> <span class='ocrx_word' id='word_1_275' title='bbox 269 3237 385 3293; x_wconf 86' lang='lat' dir='ltr'><strong>servate</strong></span> <span class='ocrx_word' id='word_1_276' title='bbox 408 3234 540 3295; x_wconf 86' lang='lat' dir='ltr'><strong>victuris.</strong></span> <span class='ocrx_word' id='word_1_277' title='bbox 581 3235 656 3292; x_wconf 90' lang='lat' dir='ltr'><strong>mihi</strong></span> <span class='ocrx_word' id='word_1_278' title='bbox 674 3237 825 3310; x_wconf 88' lang='lat' dir='ltr'><strong>praestate</strong></span> <span class='ocrx_word' id='word_1_279' title='bbox 846 3234 977 3294; x_wconf 82' lang='lat' dir='ltr'><strong>salutem</strong></span> <span class='ocrx_word' id='word_1_280' title='bbox 993 3237 1100 3313; x_wconf 86' lang='lat' dir='ltr'><strong>patris,</strong></span> 
     </span>
     <span class='ocr_line' id='line_1_35' title="bbox 83 3323 1100 3400; baseline 0.006 -20"><span class='ocrx_word' id='word_1_281' title='bbox 83 3324 284 3382; x_wconf 88' lang='lat' dir='ltr'><strong>innocentiam</strong></span> <span class='ocrx_word' id='word_1_282' title='bbox 302 3342 417 3397; x_wconf 57' lang='lat' dir='ltr'><strong>meamf</strong></span> <span class='ocrx_word' id='word_1_283' title='bbox 430 3325 598 3400; x_wconf 88' lang='lat' dir='ltr'><strong>temporum</strong></span> <span class='ocrx_word' id='word_1_284' title='bbox 615 3323 768 3400; x_wconf 86' lang='lat' dir='ltr'><strong>pudorem.</strong></span> <span class='ocrx_word' id='word_1_285' title='bbox 808 3342 862 3384; x_wconf 92' lang='lat' dir='ltr'><strong>neo</strong></span> <span class='ocrx_word' id='word_1_286' title='bbox 880 3324 1033 3385; x_wconf 83' lang='lat' dir='ltr'><strong>homicida</strong></span> <span class='ocrx_word' id='word_1_287' title='bbox 1055 3334 1100 3386; x_wconf 86' lang='lat' dir='ltr'><strong>est</strong></span> 
     </span>
    </p>
   </div>
   <div class='ocr_carea' id='block_1_4' title="bbox 155 3510 404 3581">
    <p class='ocr_par' dir='ltr' id='par_1_5' title="bbox 155 3510 404 3581">
     <span class='ocr_line' id='line_1_36' title="bbox 155 3510 404 3581; baseline -0.004 -18"><span class='ocrx_word' id='word_1_288' title='bbox 155 3516 188 3563; x_wconf 78' lang='lat'><strong>32</strong></span> <span class='ocrx_word' id='word_1_289' title='bbox 207 3510 354 3581; x_wconf 81' lang='lat' dir='ltr'><strong>ymagines</strong></span> <span class='ocrx_word' id='word_1_290' title='bbox 373 3520 404 3563; x_wconf 74' lang='grc' dir='ltr'><em>Μ</em></span> 
     </span>
    </p>
   </div>
   <div class='ocr_carea' id='block_1_5' title="bbox 0 0 1209 3840">
    <p class='ocr_par' dir='ltr' id='par_1_6' title="bbox 0 0 1209 3840">
     <span class='ocr_line' id='line_1_37' title="bbox 0 0 1209 3840; baseline 0 0"><span class='ocrx_word' id='word_1_291' title='bbox 0 0 1209 3840; x_wconf 95' lang='lat' dir='ltr'><strong> </strong></span> 
     </span>
    </p>
   </div>
  </div>
 </body>
</html>
