2408 3840
335 155 570 212 DECLAMATIO
589 155 667 210 XVII
682 161 794 210 12-14.
1011 155 1076 220 313

56 324 176 385 tristius
199 324 314 400 aliquid
338 325 487 398 attulerit,
511 325 645 400 quisquis
668 324 869 400 maledixerit,
892 325 1076 385 conviciatus

56 413 152 473 tuerit
169 412 294 474 absenti.
332 432 388 491 ego
411 415 437 473 si
454 415 511 473 hoc
529 432 650 491 possum
668 415 754 488 ferre,
777 415 880 472 merui.
927 415 988 473 alia
1007 417 1078 474 sunt

58 502 185 562 adversa
208 522 284 579 quae
302 502 339 561 de
356 504 580 562 continuatione
599 504 646 564 sui
664 503 844 580 patientiam
861 506 980 580 parant,
999 522 1077 579 qnae

58 592 170 651 durant
201 591 383 653 adsiduitate
418 591 597 668 firmantque
628 594 766 652 mentem.
813 592 893 668 quod
929 595 959 652 te
991 596 1078 670 pater

32 680 170 756 sederit,
194 680 301 740 cotidie
324 700 437 740 novum
459 684 511 740 est.
557 682 656 740 minus
679 681 814 742 fortassis
837 685 927 740 urant
948 682 1077 741 invicem
1126 747 1131 756 ¹

58 770 229 830 simultates
243 773 273 829 st
291 770 404 829 mutuis
418 769 665 830 detestationibus
679 771 777 830 invisa
794 771 950 847 respirent.
977 770 1078 829 odium

57 860 86 919 is
107 860 229 918 tantum
250 858 329 919 filius
347 859 478 935 periens
496 859 609 936 poterit
627 861 679 934 qui
698 861 729 917 ct
750 859 815 936 ipse
832 860 930 920 oderit
951 861 1077 936 patrem.

58 966 113 1008 vos
135 967 223 1023 nunc,
245 947 366 1024 iudices,
388 948 541 1013 universos
565 949 638 1024 quin
660 949 752 1007 immo
773 949 914 1009 mortales
936 946 1131 1007 infelicis-14

60 1037 153 1097 simus
175 1037 291 1098 iuvenis
314 1038 466 1115 interrogo
490 1037 564 1113 quid
585 1056 632 1096 me
654 1038 752 1096 facere
774 1035 890 1097 vultis?
936 1037 1078 1114 explicuit

21 1145 114 1189 sonos
138 1124 201 1187 sine
224 1126 314 1186 dubio
338 1125 375 1186 de
398 1127 571 1186 criminibus
593 1128 689 1186 exitus
718 1127 797 1202 quod
820 1125 975 1186 absolutus
1004 1145 1078 1201 sum,

59 1219 163 1280 tamen
185 1235 246 1276 non
268 1216 324 1275 hoc
347 1215 456 1290 effecit,
479 1235 516 1276 ne
538 1217 615 1274 mori
637 1216 737 1291 velim,
759 1216 811 1275 sed
834 1219 870 1275 ut
891 1216 967 1274 mihi
989 1216 1079 1275 liccat

61 1307 94 1364 et
115 1305 224 1365 vivers.
260 1307 358 1364 victus
381 1323 447 1364 sum
470 1305 550 1364 enim
571 1305 761 1380 mehercules,
784 1306 881 1364 victus
904 1324 979 1380 sum,
1001 1304 1078 1363 iudi·

61 1412 124 1469 ces,
152 1393 388 1455 absolutionibus
414 1395 502 1469 meis,
530 1396 574 1469 et,
598 1412 674 1469 quae
702 1392 867 1454 certissima
894 1397 940 1454 est
962 1396 1079 1453 animae

61 1483 228 1544 laborantis
250 1482 424 1558 infirmitas,
446 1485 555 1542 misera
577 1483 722 1542 felicitate
745 1482 846 1542 defeci.
893 1503 981 1558 quem
1003 1483 1079 1542 mihi

22 1591 48 1634 ss
61 1573 181 1635 vultum
199 1572 320 1631 domum
337 1591 465 1647 reverso,
480 1591 568 1648 quem
586 1572 718 1631 suadetis
737 1570 890 1636 animum?
916 1592 977 1633 non
995 1573 1080 1632 decet

62 1661 209 1739 gaudium
235 1680 296 1735 me,
325 1680 466 1739 excepero
493 1660 660 1735 hilaritate,
686 1661 801 1720 offendo
824 1661 963 1721 tristitia:
991 1665 1078 1738 capto

62 1769 242 1824 sermonem,
272 1750 387 1810 invisus
415 1768 494 1825 sum,
530 1752 686 1825 tamquam
719 1751 896 1829 adroganter
926 1751 1077 1810 insultem.

62 1839 175 1900 doloris
198 1857 288 1899 causa
311 1839 402 1915 dicor,
425 1841 452 1898 si
473 1840 596 1916 propius
619 1841 761 1915 aspicias,
784 1840 896 1915 videor,
918 1842 944 1899 si
966 1839 1079 1913 recedo,

62 1930 257 1990 contemnere.
303 1947 457 2004 quousque
479 1926 651 2003 vincemus?
695 1929 831 1988 nesciunt
852 1947 973 2006 prorsus
997 1928 1079 1987 abdi·

22 2016 232 2080 unctionibus
252 2016 366 2076 mederi
389 2019 441 2092 qui
463 2036 524 2076 non
545 2019 650 2078 statim
673 2018 789 2093 cedunt,
813 2019 871 2093 qui
883 2017 1080 2077 conscientiae

63 2126 136 2169 suae
158 2106 256 2184 rigore
279 2108 426 2166 nituntur.
471 2126 532 2166 non
553 2105 686 2166 vincitur
707 2108 802 2183 pater,
824 2125 884 2166 non
907 2124 972 2165 sum
995 2107 1080 2165 abso-

62 2197 160 2272 lutus3
183 2214 250 2255 cum
272 2195 394 2255 domum
411 2196 489 2269 veni,
512 2215 598 2256 nemo
616 2215 664 2255 me
682 2196 792 2273 diligit,
814 2214 901 2254 nemo
918 2197 1079 2255 reveretur.

61 2287 126 2347 iam
148 2284 187 2345 ad
209 2303 263 2344 nos
287 2285 323 2344 de
351 2280 508 2360 penatibus
535 2284 597 2344 illis
619 2304 680 2343 non
702 2286 854 2361 pertinent
878 2283 937 2343 nisi
959 2286 1080 2358 secreta,

62 2375 125 2435 nisi
146 2373 287 2434 latebrae.
332 2393 392 2433 non
415 2391 502 2447 exuo,
524 2391 586 2432 non
607 2373 723 2451 depono
746 2374 858 2448 sordes,
883 2374 1010 2432 etmihi
1033 2392 1081 2433 co·

22 2482 49 2524 ss
63 2463 140 2523 tidie
167 2482 255 2523 senex
276 2464 435 2539 tamquam
458 2465 649 2522 accusaturus
676 2463 811 2522 oocrnrit.
858 2461 980 2521 attendo
1008 2462 1082 2539 quid

64 2553 189 2627 faciam,
213 2550 285 2627 quid
307 2550 422 2627 loquar,
446 2552 543 2627 qualis
567 2553 704 2628 aspicias,
733 2554 775 2626 et,
798 2551 877 2627 quod
900 2552 1080 2628 malignissi-

63 2662 147 2703 mum
174 2643 220 2701 cst
246 2640 456 2700 sollicitudinis
484 2660 591 2718 genus,
616 2659 664 2699 mc
687 2642 751 2718 ipse
774 2640 916 2701 custodio.
962 2640 1081 2701 satiasti

63 2751 126 2806 ms,
147 2732 226 2805 vita,
251 2731 383 2804 satiasti,
411 2732 442 2789 et
464 2749 531 2789 curn
553 2730 690 2789 felicibus
714 2748 831 2805 quoque
853 2731 956 2790 veniat
978 2749 1014 2788 ex
1036 2730 1080 2788 ni·

64 2820 127 2880 mia
153 2818 360 2896 prosperitatis
389 2820 612 2879 continuatione
639 2819 808 2893 fastidium,
840 2818 920 2894 qnod
947 2818 1081 2877 taedium

138 3059 301 3130 lqnisquis
314 3058 487 3114 conviciatus
500 3069 533 3114 Β
585 3064 693 3129 3quac
711 3069 961 3129 om.1,sapr.m;
980 3059 1029 3128 qui
1043 3069 1081 3125 1⁹3

64 3147 120 3201 quc
139 3140 159 3183 Β
218 3136 235 3184 6
254 3131 419 3185 simulantes
437 3139 497 3184 ΒΜ
512 3130 567 3200 (vel
585 3130 743 3185 simultates
761 3131 794 3185 ia
810 3147 897 3214 marg.
911 3133 966 3200 m),
985 3130 1081 3184 simul-

62 3205 159 3258 tantes
177 3212 198 3255 v
272 3207 304 3256 11
324 3201 413 3256 officit
428 3211 451 3255 v
519 3207 552 3256 12
573 3218 619 3256 me
655 3201 757 3256 arculis
775 3211 804 3256 Β
873 3201 981 3255 iudices
1001 3214 1082 3265 oeae

65 3279 99 3329 14
118 3273 191 3331 mira
208 3282 247 3342 Β,
265 3291 334 3330 corr.
348 3295 381 3326 u·
434 3272 628 3342 felicitateque
645 3272 702 3328 feci
718 3283 741 3327 v
792 3279 824 3326 1e
843 3288 937 3327 meum
955 3293 993 3341 ως
1012 3288 1082 3327 coer.

66 3345 130 3401 Obr.
196 3349 228 3398 1‘1
249 3345 423 3416 adrogantur
440 3353 468 3397 Β
538 3349 573 3398 18
592 3345 632 3411 sic
649 3346 750 3398 recedo
768 3353 796 3397 Β
867 3351 901 3398 24
919 3343 979 3410 lata
997 3344 1082 3398 ebrae

63 3426 92 3470 Β
145 3432 235 3470 exano
253 3425 276 3469 v
325 3422 360 3470 25
379 3417 521 3470 senectam
539 3432 624 3486 qnam
642 3425 702 3470 ΒΒ
753 3421 787 3469 27
805 3416 868 3485 ipso
886 3423 939 3468 m'
953 3419 1031 3485 (cerr.
1045 3417 1083 3485 Β)

64 3547 99 3598 28
117 3505 172 3599 ulid
184 3550 213 3595 Β
284 3545 318 3595 29
337 3539 564 3597 continuationes
580 3550 602 3594 v
