<?xml version="1.0" encoding="UTF-8"?>
<!DOCTYPE html PUBLIC "-//W3C//DTD XHTML 1.0 Transitional//EN"
    "http://www.w3.org/TR/xhtml1/DTD/xhtml1-transitional.dtd">
<html xmlns="http://www.w3.org/1999/xhtml" xml:lang="en" lang="en">
 <head>
  <title>
</title>
<meta http-equiv="Content-Type" content="text/html;charset=utf-8" />
  <meta name='ocr-system' content='tesseract 3.04.00' />
  <meta name='ocr-capabilities' content='ocr_page ocr_carea ocr_par ocr_line ocrx_word'/>
</head>
<body>
  <div class='ocr_page' id='page_1' title='image "./qvintilianiqvae01quingoog_0451.png"; bbox 0 0 2408 3840; ppageno 0'>
   <div class='ocr_carea' id='block_1_1' title="bbox 81 109 785 175">
    <p class='ocr_par' dir='ltr' id='par_1_1' title="bbox 81 109 785 175">
     <span class='ocr_line' id='line_1_1' title="bbox 81 109 785 175; baseline -0.017 1"><span class='ocrx_word' id='word_1_1' title='bbox 81 112 148 175; x_wconf 83' lang='lat'><strong>416</strong></span> <span class='ocrx_word' id='word_1_2' title='bbox 394 109 586 164; x_wconf 78' lang='lat' dir='ltr'><strong>BXCERPTA</strong></span> <span class='ocrx_word' id='word_1_3' title='bbox 604 110 785 165; x_wconf 80' lang='lat' dir='ltr'><strong><em>PARISINA.</em></strong></span> 
     </span>
    </p>
   </div>
   <div class='ocr_carea' id='block_1_2' title="bbox 398 343 776 427">
    <p class='ocr_par' dir='ltr' id='par_1_2' title="bbox 398 343 776 427">
     <span class='ocr_line' id='line_1_2' title="bbox 398 343 776 427; baseline 0.005 -19"><span class='ocrx_word' id='word_1_4' title='bbox 398 343 550 427; x_wconf 72' lang='lat' dir='ltr'><strong>XIVsXV.</strong></span> <span class='ocrx_word' id='word_1_5' title='bbox 580 347 652 408; x_wconf 90' lang='lat' dir='ltr'><strong>Onn</strong></span> <span class='ocrx_word' id='word_1_6' title='bbox 675 369 776 410; x_wconf 75' lang='lat' dir='ltr'><strong>nomo.</strong></span> 
     </span>
    </p>
   </div>
   <div class='ocr_carea' id='block_1_3' title="bbox 83 473 1098 623">
    <p class='ocr_par' dir='ltr' id='par_1_3' title="bbox 83 473 1098 623">
     <span class='ocr_line' id='line_1_3' title="bbox 83 473 1098 552; baseline 0.002 -20"><span class='ocrx_word' id='word_1_7' title='bbox 83 475 223 533; x_wconf 80' lang='lat' dir='ltr'><strong>Meretrix</strong></span> <span class='ocrx_word' id='word_1_8' title='bbox 243 476 371 532; x_wconf 86' lang='lat' dir='ltr'><strong>amatori</strong></span> <span class='ocrx_word' id='word_1_9' title='bbox 389 473 471 533; x_wconf 82' lang='lat' dir='ltr'><strong>dedit</strong></span> <span class='ocrx_word' id='word_1_10' title='bbox 490 473 551 533; x_wconf 90' lang='lat' dir='ltr'><strong>odii</strong></span> <span class='ocrx_word' id='word_1_11' title='bbox 564 476 724 550; x_wconf 87' lang='lat' dir='ltr'><strong>potionem.</strong></span> <span class='ocrx_word' id='word_1_12' title='bbox 763 479 884 536; x_wconf 87' lang='lat' dir='ltr'><strong>accusat</strong></span> <span class='ocrx_word' id='word_1_13' title='bbox 903 495 968 535; x_wconf 94' lang='lat' dir='ltr'><strong>eam</strong></span> <span class='ocrx_word' id='word_1_14' title='bbox 986 495 1098 552; x_wconf 84' lang='lat' dir='ltr'><strong>pauper</strong></span> 
     </span>
     <span class='ocr_line' id='line_1_4' title="bbox 128 563 269 623; baseline -0.007 -2"><span class='ocrx_word' id='word_1_15' title='bbox 128 563 269 623; x_wconf 88' lang='lat' dir='ltr'><strong>veneficii.</strong></span> 
     </span>
    </p>
   </div>
   <div class='ocr_carea' id='block_1_4' title="bbox 32 721 1132 3114">
    <p class='ocr_par' dir='ltr' id='par_1_4' title="bbox 32 721 1132 3114">
     <span class='ocr_line' id='line_1_5' title="bbox 149 721 1098 797; baseline 0.001 -15"><span class='ocrx_word' id='word_1_16' title='bbox 149 725 276 795; x_wconf 79' lang='lat' dir='ltr'><strong>Pauper.</strong></span> <span class='ocrx_word' id='word_1_17' title='bbox 318 722 349 780; x_wconf 93' lang='lat' dir='ltr'><strong>id</strong></span> <span class='ocrx_word' id='word_1_18' title='bbox 378 723 521 797; x_wconf 87' lang='lat' dir='ltr'><strong>primum,</strong></span> <span class='ocrx_word' id='word_1_19' title='bbox 548 723 581 780; x_wconf 95' lang='grc' dir='ltr'><strong>Ρ.</strong></span> <span class='ocrx_word' id='word_1_20' title='bbox 606 721 646 797; x_wconf 62' lang='lat' dir='ltr'><strong>G„</strong></span> <span class='ocrx_word' id='word_1_21' title='bbox 675 724 866 784; x_wconf 86' lang='lat' dir='ltr'><strong>considerate.</strong></span> <span class='ocrx_word' id='word_1_22' title='bbox 916 725 1098 785; x_wconf 72' lang='lat' dir='ltr'><strong>meretricem</strong></span> 
     </span>
     <span class='ocr_line' id='line_1_6' title="bbox 84 811 1131 889; baseline 0 -18"><span class='ocrx_word' id='word_1_23' title='bbox 84 831 198 871; x_wconf 82' lang='lat' dir='ltr'><strong>accuso.</strong></span> <span class='ocrx_word' id='word_1_24' title='bbox 240 812 357 870; x_wconf 91' lang='lat' dir='ltr'><strong>sceleris</strong></span> <span class='ocrx_word' id='word_1_25' title='bbox 376 811 464 870; x_wconf 91' lang='lat' dir='ltr'><strong>fidem</strong></span> <span class='ocrx_word' id='word_1_26' title='bbox 481 830 626 886; x_wconf 89' lang='lat' dir='ltr'><strong>personae</strong></span> <span class='ocrx_word' id='word_1_27' title='bbox 643 813 774 871; x_wconf 88' lang='lat' dir='ltr'><strong>conditio</strong></span> <span class='ocrx_word' id='word_1_28' title='bbox 792 814 906 889; x_wconf 85' lang='lat' dir='ltr'><strong>implet.</strong></span> <span class='ocrx_word' id='word_1_29' title='bbox 949 816 1096 874; x_wconf 72' lang='lat' dir='ltr'><strong>Meretrice.</strong></span> <span class='ocrx_word' id='word_1_30' title='bbox 1121 833 1131 871; x_wconf 75' lang='lat'><strong>⁵</strong></span> 
     </span>
     <span class='ocr_line' id='line_1_7' title="bbox 84 900 1098 978; baseline 0.003 -19"><span class='ocrx_word' id='word_1_31' title='bbox 84 902 127 960; x_wconf 88' lang='lat' dir='ltr'><strong>rei</strong></span> <span class='ocrx_word' id='word_1_32' title='bbox 155 902 233 959; x_wconf 90' lang='lat' dir='ltr'><strong>male</strong></span> <span class='ocrx_word' id='word_1_33' title='bbox 256 900 377 959; x_wconf 90' lang='lat' dir='ltr'><strong>confidit</strong></span> <span class='ocrx_word' id='word_1_34' title='bbox 399 901 453 974; x_wconf 90' lang='lat' dir='ltr'><strong>qui</strong></span> <span class='ocrx_word' id='word_1_35' title='bbox 477 920 512 958; x_wconf 84' lang='lat' dir='ltr'><strong>ex</strong></span> <span class='ocrx_word' id='word_1_36' title='bbox 539 901 682 960; x_wconf 82' lang='lat' dir='ltr'><strong>vocabulo</strong></span> <span class='ocrx_word' id='word_1_37' title='bbox 707 902 853 960; x_wconf 84' lang='lat' dir='ltr'><strong>invidiam</strong></span> <span class='ocrx_word' id='word_1_38' title='bbox 876 904 1006 978; x_wconf 90' lang='lat' dir='ltr'><strong>quaerit.</strong></span> <span class='ocrx_word' id='word_1_39' title='bbox 1052 903 1098 962; x_wconf 90' lang='lat' dir='ltr'><strong>sed</strong></span> 
     </span>
     <span class='ocr_line' id='line_1_8' title="bbox 84 987 1099 1067; baseline 0.003 -19"><span class='ocrx_word' id='word_1_40' title='bbox 84 990 157 1066; x_wconf 89' lang='lat' dir='ltr'><strong>quid</strong></span> <span class='ocrx_word' id='word_1_41' title='bbox 180 1009 280 1067; x_wconf 84' lang='lat' dir='ltr'><strong>agam,</strong></span> <span class='ocrx_word' id='word_1_42' title='bbox 310 987 443 1048; x_wconf 80' lang='lat' dir='ltr'><strong>iudices?</strong></span> <span class='ocrx_word' id='word_1_43' title='bbox 470 991 495 1048; x_wconf 92' lang='lat' dir='ltr'><strong>si</strong></span> <span class='ocrx_word' id='word_1_44' title='bbox 517 1008 626 1048; x_wconf 90' lang='lat' dir='ltr'><strong>nomen</strong></span> <span class='ocrx_word' id='word_1_45' title='bbox 648 991 779 1049; x_wconf 88' lang='lat' dir='ltr'><strong>moribus</strong></span> <span class='ocrx_word' id='word_1_46' title='bbox 802 991 973 1066; x_wconf 88' lang='lat' dir='ltr'><strong>absolvero,</strong></span> <span class='ocrx_word' id='word_1_47' title='bbox 1002 995 1099 1065; x_wconf 84' lang='lat' dir='ltr'><strong>timeo,</strong></span> 
     </span>
     <span class='ocr_line' id='line_1_9' title="bbox 83 1079 1100 1157; baseline 0.003 -20"><span class='ocrx_word' id='word_1_48' title='bbox 83 1099 120 1137; x_wconf 92' lang='lat' dir='ltr'><strong>ne</strong></span> <span class='ocrx_word' id='word_1_49' title='bbox 139 1097 240 1137; x_wconf 88' lang='lat' dir='ltr'><strong>amare</strong></span> <span class='ocrx_word' id='word_1_50' title='bbox 257 1098 358 1137; x_wconf 89' lang='lat' dir='ltr'><strong>rursus</strong></span> <span class='ocrx_word' id='word_1_51' title='bbox 376 1097 490 1153; x_wconf 79' lang='lat' dir='ltr'><strong>pauper</strong></span> <span class='ocrx_word' id='word_1_52' title='bbox 508 1079 641 1154; x_wconf 89' lang='lat' dir='ltr'><strong>incipiat.</strong></span> <span class='ocrx_word' id='word_1_53' title='bbox 678 1098 739 1152; x_wconf 79' lang='lat' dir='ltr'><strong>vos,</strong></span> <span class='ocrx_word' id='word_1_54' title='bbox 758 1098 810 1139; x_wconf 87' lang='lat' dir='ltr'><strong>vos</strong></span> <span class='ocrx_word' id='word_1_55' title='bbox 828 1082 1008 1157; x_wconf 87' lang='lat' dir='ltr'><strong>perpendite</strong></span> <span class='ocrx_word' id='word_1_56' title='bbox 1028 1100 1100 1157; x_wconf 85' lang='lat' dir='ltr'><strong>quae</strong></span> 
     </span>
     <span class='ocr_line' id='line_1_10' title="bbox 84 1168 1100 1245; baseline 0.003 -19"><span class='ocrx_word' id='word_1_57' title='bbox 84 1168 120 1226; x_wconf 96' lang='lat' dir='ltr'><strong>de</strong></span> <span class='ocrx_word' id='word_1_58' title='bbox 149 1187 197 1225; x_wconf 94' lang='lat' dir='ltr'><strong>me</strong></span> <span class='ocrx_word' id='word_1_59' title='bbox 226 1170 376 1241; x_wconf 89' lang='lat' dir='ltr'><strong>matrona,</strong></span> <span class='ocrx_word' id='word_1_60' title='bbox 407 1169 473 1242; x_wconf 89' lang='lat' dir='ltr'><strong>quis</strong></span> <span class='ocrx_word' id='word_1_61' title='bbox 503 1170 590 1243; x_wconf 89' lang='lat' dir='ltr'><strong>pater</strong></span> <span class='ocrx_word' id='word_1_62' title='bbox 619 1172 796 1243; x_wconf 78' lang='lat' dir='ltr'><strong>conquestus</strong></span> <span class='ocrx_word' id='word_1_63' title='bbox 827 1171 874 1228; x_wconf 88' lang='lat' dir='ltr'><strong>sit.</strong></span> <span class='ocrx_word' id='word_1_64' title='bbox 912 1170 945 1227; x_wconf 91' lang='lat' dir='ltr'><strong>P.</strong></span> <span class='ocrx_word' id='word_1_65' title='bbox 970 1171 1100 1245; x_wconf 88' lang='lat' dir='ltr'><strong>primum</strong></span> 
     </span>
     <span class='ocr_line' id='line_1_11' title="bbox 85 1257 1132 1335; baseline 0 -21"><span class='ocrx_word' id='word_1_66' title='bbox 85 1276 185 1314; x_wconf 88' lang='lat' dir='ltr'><strong>amare</strong></span> <span class='ocrx_word' id='word_1_67' title='bbox 204 1259 310 1330; x_wconf 83' lang='lat' dir='ltr'><strong>coepit,</strong></span> <span class='ocrx_word' id='word_1_68' title='bbox 329 1259 361 1314; x_wconf 91' lang='lat' dir='ltr'><strong>in</strong></span> <span class='ocrx_word' id='word_1_69' title='bbox 380 1275 511 1314; x_wconf 91' lang='lat' dir='ltr'><strong>amorem</strong></span> <span class='ocrx_word' id='word_1_70' title='bbox 525 1257 629 1335; x_wconf 75' lang='lat' dir='ltr'><strong>coegit.</strong></span> <span class='ocrx_word' id='word_1_71' title='bbox 671 1257 715 1314; x_wconf 88' lang='lat' dir='ltr'><strong><em>M</em></strong></span> <span class='ocrx_word' id='word_1_72' title='bbox 734 1277 794 1316; x_wconf 95' lang='lat' dir='ltr'><strong>non</strong></span> <span class='ocrx_word' id='word_1_73' title='bbox 813 1261 922 1333; x_wconf 84' lang='lat' dir='ltr'><strong>amavi,</strong></span> <span class='ocrx_word' id='word_1_74' title='bbox 941 1260 996 1319; x_wconf 88' lang='lat' dir='ltr'><strong>sed</strong></span> <span class='ocrx_word' id='word_1_75' title='bbox 1015 1278 1101 1335; x_wconf 79' lang='lat' dir='ltr'><strong>passa</strong></span> <span class='ocrx_word' id='word_1_76' title='bbox 1112 1277 1132 1316; x_wconf 81' lang='grc'><strong>11</strong></span> 
     </span>
     <span class='ocr_line' id='line_1_12' title="bbox 85 1345 1101 1425; baseline 0.003 -21"><span class='ocrx_word' id='word_1_77' title='bbox 85 1365 157 1404; x_wconf 89' lang='lat' dir='ltr'><strong>sum.</strong></span> <span class='ocrx_word' id='word_1_78' title='bbox 199 1364 260 1403; x_wconf 93' lang='lat' dir='ltr'><strong>non</strong></span> <span class='ocrx_word' id='word_1_79' title='bbox 278 1347 369 1423; x_wconf 80' lang='lat' dir='ltr'><strong>coegi,</strong></span> <span class='ocrx_word' id='word_1_80' title='bbox 393 1345 443 1403; x_wconf 92' lang='lat' dir='ltr'><strong>sed</strong></span> <span class='ocrx_word' id='word_1_81' title='bbox 461 1346 601 1405; x_wconf 87' lang='lat' dir='ltr'><strong>incidisti.</strong></span> <span class='ocrx_word' id='word_1_82' title='bbox 637 1347 670 1403; x_wconf 91' lang='grc' dir='ltr'><strong>Ρ.</strong></span> <span class='ocrx_word' id='word_1_83' title='bbox 691 1365 758 1405; x_wconf 91' lang='lat' dir='ltr'><strong>cum</strong></span> <span class='ocrx_word' id='word_1_84' title='bbox 778 1349 942 1408; x_wconf 81' lang='lat' dir='ltr'><strong>meretricis</strong></span> <span class='ocrx_word' id='word_1_85' title='bbox 963 1351 1007 1409; x_wconf 87' lang='lat' dir='ltr'><strong>sit</strong></span> <span class='ocrx_word' id='word_1_86' title='bbox 1025 1349 1101 1425; x_wconf 93' lang='lat' dir='ltr'><strong>quod</strong></span> 
     </span>
     <span class='ocr_line' id='line_1_13' title="bbox 84 1434 1100 1514; baseline 0.004 -22"><span class='ocrx_word' id='word_1_87' title='bbox 84 1436 217 1507; x_wconf 87' lang='lat' dir='ltr'><strong>amatur,</strong></span> <span class='ocrx_word' id='word_1_88' title='bbox 242 1436 325 1492; x_wconf 88' lang='lat' dir='ltr'><strong>ouius</strong></span> <span class='ocrx_word' id='word_1_89' title='bbox 350 1453 411 1493; x_wconf 89' lang='lat' dir='ltr'><strong>esse</strong></span> <span class='ocrx_word' id='word_1_90' title='bbox 434 1437 548 1509; x_wconf 86' lang='lat' dir='ltr'><strong>putatis</strong></span> <span class='ocrx_word' id='word_1_91' title='bbox 575 1434 653 1509; x_wconf 92' lang='lat' dir='ltr'><strong>quod</strong></span> <span class='ocrx_word' id='word_1_92' title='bbox 676 1453 791 1510; x_wconf 80' lang='lat' dir='ltr'><strong>pauper</strong></span> <span class='ocrx_word' id='word_1_93' title='bbox 814 1435 935 1495; x_wconf 76' lang='lat' dir='ltr'><strong>amavi?</strong></span> <span class='ocrx_word' id='word_1_94' title='bbox 978 1439 1026 1496; x_wconf 88' lang='lat' dir='ltr'><strong>M.</strong></span> <span class='ocrx_word' id='word_1_95' title='bbox 1046 1457 1100 1514; x_wconf 83' lang='lat' dir='ltr'><strong>qua</strong></span> 
     </span>
     <span class='ocr_line' id='line_1_14' title="bbox 84 1521 1101 1600; baseline 0.005 -19"><span class='ocrx_word' id='word_1_96' title='bbox 84 1542 136 1597; x_wconf 90' lang='lat' dir='ltr'><strong>spe</strong></span> <span class='ocrx_word' id='word_1_97' title='bbox 163 1521 304 1580; x_wconf 77' lang='lat' dir='ltr'><strong>tandem?</strong></span> <span class='ocrx_word' id='word_1_98' title='bbox 349 1543 424 1597; x_wconf 91' lang='lat' dir='ltr'><strong>quae</strong></span> <span class='ocrx_word' id='word_1_99' title='bbox 451 1523 562 1599; x_wconf 88' lang='lat' dir='ltr'><strong>praeda</strong></span> <span class='ocrx_word' id='word_1_100' title='bbox 590 1523 625 1582; x_wconf 92' lang='lat' dir='ltr'><strong>de</strong></span> <span class='ocrx_word' id='word_1_101' title='bbox 653 1522 805 1600; x_wconf 82' lang='lat' dir='ltr'><strong>paupere?</strong></span> <span class='ocrx_word' id='word_1_102' title='bbox 844 1525 877 1583; x_wconf 93' lang='lat' dir='ltr'><strong>P.</strong></span> <span class='ocrx_word' id='word_1_103' title='bbox 898 1525 1010 1586; x_wconf 86' lang='lat' dir='ltr'><strong>deinde</strong></span> <span class='ocrx_word' id='word_1_104' title='bbox 1038 1527 1101 1586; x_wconf 93' lang='lat' dir='ltr'><strong>odio</strong></span> 
     </span>
     <span class='ocr_line' id='line_1_15' title="bbox 83 1612 1102 1692; baseline 0.007 -24"><span class='ocrx_word' id='word_1_105' title='bbox 83 1612 196 1669; x_wconf 89' lang='lat' dir='ltr'><strong>habuit.</strong></span> <span class='ocrx_word' id='word_1_106' title='bbox 238 1612 284 1669; x_wconf 88' lang='lat' dir='ltr'><strong>M.</strong></span> <span class='ocrx_word' id='word_1_107' title='bbox 304 1612 382 1685; x_wconf 91' lang='lat' dir='ltr'><strong>quod</strong></span> <span class='ocrx_word' id='word_1_108' title='bbox 412 1612 513 1670; x_wconf 88' lang='lat' dir='ltr'><strong>odium</strong></span> <span class='ocrx_word' id='word_1_109' title='bbox 542 1615 705 1672; x_wconf 86' lang='lat' dir='ltr'><strong>meretricis</strong></span> <span class='ocrx_word' id='word_1_110' title='bbox 734 1615 766 1671; x_wconf 93' lang='lat' dir='ltr'><strong>in</strong></span> <span class='ocrx_word' id='word_1_111' title='bbox 795 1615 984 1674; x_wconf 85' lang='lat' dir='ltr'><strong>amatorem?</strong></span> <span class='ocrx_word' id='word_1_112' title='bbox 1016 1636 1102 1692; x_wconf 86' lang='lat' dir='ltr'><strong>quam</strong></span> 
     </span>
     <span class='ocr_line' id='line_1_16' title="bbox 84 1699 1131 1778; baseline 0.001 -20"><span class='ocrx_word' id='word_1_113' title='bbox 84 1703 243 1776; x_wconf 88' lang='lat' dir='ltr'><strong>impatiens</strong></span> <span class='ocrx_word' id='word_1_114' title='bbox 272 1702 329 1773; x_wconf 87' lang='lat' dir='ltr'><strong>est,</strong></span> <span class='ocrx_word' id='word_1_115' title='bbox 356 1700 388 1758; x_wconf 93' lang='lat' dir='ltr'><strong>P.</strong></span> <span class='ocrx_word' id='word_1_116' title='bbox 409 1699 449 1774; x_wconf 80' lang='grc'><strong>0.,</strong></span> <span class='ocrx_word' id='word_1_117' title='bbox 476 1705 635 1777; x_wconf 89' lang='lat' dir='ltr'><strong>utrumque</strong></span> <span class='ocrx_word' id='word_1_118' title='bbox 663 1706 795 1776; x_wconf 85' lang='lat' dir='ltr'><strong>accusat,</strong></span> <span class='ocrx_word' id='word_1_119' title='bbox 825 1706 855 1762; x_wconf 87' lang='lat' dir='ltr'><strong>et</strong></span> <span class='ocrx_word' id='word_1_120' title='bbox 883 1705 966 1778; x_wconf 93' lang='lat' dir='ltr'><strong>quod</strong></span> <span class='ocrx_word' id='word_1_121' title='bbox 996 1708 1102 1765; x_wconf 86' lang='lat' dir='ltr'><strong>amarit</strong></span> <span class='ocrx_word' id='word_1_122' title='bbox 1113 1721 1131 1760; x_wconf 75' lang='lat'><strong>1⁵</strong></span> 
     </span>
     <span class='ocr_line' id='line_1_17' title="bbox 85 1787 1101 1868; baseline 0.005 -19"><span class='ocrx_word' id='word_1_123' title='bbox 85 1794 116 1849; x_wconf 87' lang='lat' dir='ltr'><strong>et</strong></span> <span class='ocrx_word' id='word_1_124' title='bbox 134 1790 212 1865; x_wconf 89' lang='lat' dir='ltr'><strong>quod</strong></span> <span class='ocrx_word' id='word_1_125' title='bbox 231 1789 359 1848; x_wconf 86' lang='lat' dir='ltr'><strong>desierit.</strong></span> <span class='ocrx_word' id='word_1_126' title='bbox 401 1791 434 1847; x_wconf 95' lang='grc' dir='ltr'><strong>Ρ.</strong></span> <span class='ocrx_word' id='word_1_127' title='bbox 454 1787 524 1848; x_wconf 89' lang='lat' dir='ltr'><strong>Odii</strong></span> <span class='ocrx_word' id='word_1_128' title='bbox 541 1791 693 1865; x_wconf 89' lang='lat' dir='ltr'><strong>potionem</strong></span> <span class='ocrx_word' id='word_1_129' title='bbox 712 1790 801 1850; x_wconf 89' lang='lat' dir='ltr'><strong>dedit.</strong></span> <span class='ocrx_word' id='word_1_130' title='bbox 843 1792 887 1848; x_wconf 88' lang='lat' dir='ltr'><strong>M.</strong></span> <span class='ocrx_word' id='word_1_131' title='bbox 908 1813 965 1868; x_wconf 95' lang='lat' dir='ltr'><strong>pro</strong></span> <span class='ocrx_word' id='word_1_132' title='bbox 986 1797 1018 1853; x_wconf 88' lang='lat' dir='ltr'><strong>te</strong></span> <span class='ocrx_word' id='word_1_133' title='bbox 1038 1798 1101 1865; x_wconf 72' lang='lat' dir='ltr'><strong>stat,</strong></span> 
     </span>
     <span class='ocr_line' id='line_1_18' title="bbox 84 1880 1100 1954; baseline 0.004 -18"><span class='ocrx_word' id='word_1_134' title='bbox 84 1883 119 1937; x_wconf 89' lang='lat' dir='ltr'><strong>ut</strong></span> <span class='ocrx_word' id='word_1_135' title='bbox 142 1897 242 1937; x_wconf 87' lang='lat' dir='ltr'><strong>amare</strong></span> <span class='ocrx_word' id='word_1_136' title='bbox 265 1880 392 1938; x_wconf 89' lang='lat' dir='ltr'><strong>desieris.</strong></span> <span class='ocrx_word' id='word_1_137' title='bbox 434 1880 467 1936; x_wconf 93' lang='lat' dir='ltr'><strong>P.</strong></span> <span class='ocrx_word' id='word_1_138' title='bbox 487 1882 591 1938; x_wconf 87' lang='lat' dir='ltr'><strong>contra</strong></span> <span class='ocrx_word' id='word_1_139' title='bbox 613 1899 660 1937; x_wconf 88' lang='lat' dir='ltr'><strong>me</strong></span> <span class='ocrx_word' id='word_1_140' title='bbox 683 1882 759 1954; x_wconf 86' lang='lat' dir='ltr'><strong>stat,</strong></span> <span class='ocrx_word' id='word_1_141' title='bbox 784 1884 819 1938; x_wconf 90' lang='lat' dir='ltr'><strong>ut</strong></span> <span class='ocrx_word' id='word_1_142' title='bbox 841 1882 956 1941; x_wconf 86' lang='lat' dir='ltr'><strong>invitus</strong></span> <span class='ocrx_word' id='word_1_143' title='bbox 981 1884 1100 1942; x_wconf 88' lang='lat' dir='ltr'><strong>oderim.</strong></span> 
     </span>
     <span class='ocr_line' id='line_1_19' title="bbox 85 1970 1100 2048; baseline 0.005 -22"><span class='ocrx_word' id='word_1_144' title='bbox 85 1970 129 2026; x_wconf 92' lang='lat' dir='ltr'><strong>M.</strong></span> <span class='ocrx_word' id='word_1_145' title='bbox 149 1971 220 2026; x_wconf 91' lang='lat' dir='ltr'><strong>tunc</strong></span> <span class='ocrx_word' id='word_1_146' title='bbox 253 1971 319 2026; x_wconf 90' lang='lat' dir='ltr'><strong>tota</strong></span> <span class='ocrx_word' id='word_1_147' title='bbox 349 1970 471 2026; x_wconf 80' lang='lat' dir='ltr'><strong>civitate</strong></span> <span class='ocrx_word' id='word_1_148' title='bbox 501 1971 664 2028; x_wconf 85' lang='lat' dir='ltr'><strong>meretricis</strong></span> <span class='ocrx_word' id='word_1_149' title='bbox 699 1988 764 2028; x_wconf 89' lang='lat' dir='ltr'><strong>eras</strong></span> <span class='ocrx_word' id='word_1_150' title='bbox 799 1970 918 2030; x_wconf 89' lang='lat' dir='ltr'><strong>amicus.</strong></span> <span class='ocrx_word' id='word_1_151' title='bbox 972 1974 1008 2031; x_wconf 90' lang='lat' dir='ltr'><strong>P.</strong></span> <span class='ocrx_word' id='word_1_152' title='bbox 1035 1971 1100 2048; x_wconf 90' lang='lat' dir='ltr'><strong>quid</strong></span> 
     </span>
     <span class='ocr_line' id='line_1_20' title="bbox 84 2055 1099 2120; baseline 0.005 -5"><span class='ocrx_word' id='word_1_153' title='bbox 84 2055 228 2116; x_wconf 81' lang='lat' dir='ltr'><strong>interest?</strong></span> <span class='ocrx_word' id='word_1_154' title='bbox 269 2075 347 2114; x_wconf 89' lang='lat' dir='ltr'><strong>nuno</strong></span> <span class='ocrx_word' id='word_1_155' title='bbox 370 2059 435 2115; x_wconf 90' lang='lat' dir='ltr'><strong>tota</strong></span> <span class='ocrx_word' id='word_1_156' title='bbox 454 2057 576 2116; x_wconf 87' lang='lat' dir='ltr'><strong>civitate</strong></span> <span class='ocrx_word' id='word_1_157' title='bbox 594 2059 757 2118; x_wconf 87' lang='lat' dir='ltr'><strong>meretricis</strong></span> <span class='ocrx_word' id='word_1_158' title='bbox 781 2077 845 2118; x_wconf 93' lang='lat' dir='ltr'><strong>sum</strong></span> <span class='ocrx_word' id='word_1_159' title='bbox 867 2061 1022 2120; x_wconf 86' lang='lat' dir='ltr'><strong>inimicus.</strong></span> <span class='ocrx_word' id='word_1_160' title='bbox 1059 2061 1099 2119; x_wconf 86' lang='grc' dir='ltr'><strong>Μ.</strong></span> 
     </span>
     <span class='ocr_line' id='line_1_21' title="bbox 85 2145 1127 2221; baseline 0.002 -16"><span class='ocrx_word' id='word_1_161' title='bbox 85 2147 159 2205; x_wconf 86' lang='lat' dir='ltr'><strong>bene</strong></span> <span class='ocrx_word' id='word_1_162' title='bbox 186 2146 280 2205; x_wconf 90' lang='lat' dir='ltr'><strong>merui</strong></span> <span class='ocrx_word' id='word_1_163' title='bbox 308 2145 387 2221; x_wconf 94' lang='lat' dir='ltr'><strong>quod</strong></span> <span class='ocrx_word' id='word_1_164' title='bbox 413 2164 430 2203; x_wconf 86' lang='lat' dir='ltr'><strong>a</strong></span> <span class='ocrx_word' id='word_1_165' title='bbox 453 2148 573 2204; x_wconf 86' lang='lat' dir='ltr'><strong>miseria</strong></span> <span class='ocrx_word' id='word_1_166' title='bbox 602 2147 757 2221; x_wconf 82' lang='lat' dir='ltr'><strong>explicitus</strong></span> <span class='ocrx_word' id='word_1_167' title='bbox 789 2166 826 2206; x_wconf 93' lang='lat' dir='ltr'><strong>es.</strong></span> <span class='ocrx_word' id='word_1_168' title='bbox 868 2147 902 2206; x_wconf 91' lang='lat' dir='ltr'><strong>P.</strong></span> <span class='ocrx_word' id='word_1_169' title='bbox 921 2168 986 2207; x_wconf 92' lang='lat' dir='ltr'><strong>non</strong></span> <span class='ocrx_word' id='word_1_170' title='bbox 1016 2151 1127 2210; x_wconf 71' lang='lat' dir='ltr'><strong>habeti·</strong></span> 
     </span>
     <span class='ocr_line' id='line_1_22' title="bbox 85 2235 1097 2314; baseline 0.004 -22"><span class='ocrx_word' id='word_1_171' title='bbox 85 2238 214 2314; x_wconf 86' lang='lat' dir='ltr'><strong>gratiam</strong></span> <span class='ocrx_word' id='word_1_172' title='bbox 237 2235 316 2309; x_wconf 91' lang='lat' dir='ltr'><strong>quod</strong></span> <span class='ocrx_word' id='word_1_173' title='bbox 338 2237 593 2308; x_wconf 87' lang='lat' dir='ltr'><strong>praevaricatione</strong></span> <span class='ocrx_word' id='word_1_174' title='bbox 623 2239 722 2294; x_wconf 87' lang='lat' dir='ltr'><strong>actum</strong></span> <span class='ocrx_word' id='word_1_175' title='bbox 746 2240 797 2295; x_wconf 90' lang='lat' dir='ltr'><strong>est.</strong></span> <span class='ocrx_word' id='word_1_176' title='bbox 838 2237 883 2293; x_wconf 88' lang='lat' dir='ltr'><strong>M.</strong></span> <span class='ocrx_word' id='word_1_177' title='bbox 903 2240 951 2295; x_wconf 88' lang='lat' dir='ltr'><strong>tui</strong></span> <span class='ocrx_word' id='word_1_178' title='bbox 977 2243 1097 2298; x_wconf 82' lang='lat' dir='ltr'><strong>caritate</strong></span> 
     </span>
     <span class='ocr_line' id='line_1_23' title="bbox 86 2325 1098 2405; baseline 0.004 -22"><span class='ocrx_word' id='word_1_179' title='bbox 86 2325 222 2383; x_wconf 85' lang='lat' dir='ltr'><strong>effectum</strong></span> <span class='ocrx_word' id='word_1_180' title='bbox 246 2327 297 2382; x_wconf 88' lang='lat' dir='ltr'><strong>est.</strong></span> <span class='ocrx_word' id='word_1_181' title='bbox 338 2342 399 2382; x_wconf 92' lang='lat' dir='ltr'><strong>non</strong></span> <span class='ocrx_word' id='word_1_182' title='bbox 426 2327 525 2398; x_wconf 90' lang='lat' dir='ltr'><strong>potest</strong></span> <span class='ocrx_word' id='word_1_183' title='bbox 552 2327 691 2383; x_wconf 87' lang='lat' dir='ltr'><strong>meretrix</strong></span> <span class='ocrx_word' id='word_1_184' title='bbox 719 2326 814 2402; x_wconf 81' lang='lat' dir='ltr'><strong>magis</strong></span> <span class='ocrx_word' id='word_1_185' title='bbox 845 2345 945 2384; x_wconf 87' lang='lat' dir='ltr'><strong>amare</strong></span> <span class='ocrx_word' id='word_1_186' title='bbox 971 2330 1098 2405; x_wconf 85' lang='lat' dir='ltr'><strong>aliquem</strong></span> 
     </span>
     <span class='ocr_line' id='line_1_24' title="bbox 85 2413 1097 2488; baseline 0.006 -18"><span class='ocrx_word' id='word_1_187' title='bbox 85 2433 175 2488; x_wconf 88' lang='lat' dir='ltr'><strong>quam</strong></span> <span class='ocrx_word' id='word_1_188' title='bbox 194 2432 281 2488; x_wconf 93' lang='lat' dir='ltr'><strong>quem</strong></span> <span class='ocrx_word' id='word_1_189' title='bbox 305 2432 404 2471; x_wconf 87' lang='lat' dir='ltr'><strong>amare</strong></span> <span class='ocrx_word' id='word_1_190' title='bbox 422 2432 481 2470; x_wconf 92' lang='lat' dir='ltr'><strong>uon</strong></span> <span class='ocrx_word' id='word_1_191' title='bbox 505 2414 578 2471; x_wconf 87' lang='lat' dir='ltr'><strong>vult.</strong></span> <span class='ocrx_word' id='word_1_192' title='bbox 619 2415 651 2472; x_wconf 91' lang='lat' dir='ltr'><strong>P.</strong></span> <span class='ocrx_word' id='word_1_193' title='bbox 671 2432 756 2472; x_wconf 93' lang='lat' dir='ltr'><strong>nemo</strong></span> <span class='ocrx_word' id='word_1_194' title='bbox 781 2413 881 2471; x_wconf 92' lang='lat' dir='ltr'><strong>odium</strong></span> <span class='ocrx_word' id='word_1_195' title='bbox 901 2416 955 2474; x_wconf 90' lang='lat' dir='ltr'><strong>dat</strong></span> <span class='ocrx_word' id='word_1_196' title='bbox 980 2421 1041 2476; x_wconf 88' lang='lat' dir='ltr'><strong>nisi</strong></span> <span class='ocrx_word' id='word_1_197' title='bbox 1058 2417 1097 2475; x_wconf 86' lang='lat' dir='ltr'><strong>illi</strong></span> 
     </span>
     <span class='ocr_line' id='line_1_25' title="bbox 84 2501 1096 2580; baseline 0.005 -22"><span class='ocrx_word' id='word_1_198' title='bbox 84 2521 172 2576; x_wconf 88' lang='lat' dir='ltr'><strong>quem</strong></span> <span class='ocrx_word' id='word_1_199' title='bbox 203 2501 305 2560; x_wconf 90' lang='lat' dir='ltr'><strong>oderit.</strong></span> <span class='ocrx_word' id='word_1_200' title='bbox 346 2502 391 2558; x_wconf 88' lang='lat' dir='ltr'><strong>M.</strong></span> <span class='ocrx_word' id='word_1_201' title='bbox 416 2502 516 2559; x_wconf 90' lang='lat' dir='ltr'><strong>odium</strong></span> <span class='ocrx_word' id='word_1_202' title='bbox 546 2503 688 2561; x_wconf 88' lang='lat' dir='ltr'><strong>nominat.</strong></span> <span class='ocrx_word' id='word_1_203' title='bbox 734 2504 819 2577; x_wconf 87' lang='lat' dir='ltr'><strong>atqui</strong></span> <span class='ocrx_word' id='word_1_204' title='bbox 853 2507 938 2562; x_wconf 85' lang='lat' dir='ltr'><strong>amat</strong></span> <span class='ocrx_word' id='word_1_205' title='bbox 967 2507 1096 2580; x_wconf 84' lang='lat' dir='ltr'><strong>profecto</strong></span> 
     </span>
     <span class='ocr_line' id='line_1_26' title="bbox 85 2590 1124 2668; baseline 0.003 -21"><span class='ocrx_word' id='word_1_206' title='bbox 85 2593 143 2665; x_wconf 85' lang='lat' dir='ltr'><strong>qui.</strong></span> <span class='ocrx_word' id='word_1_207' title='bbox 156 2593 290 2666; x_wconf 89' lang='lat' dir='ltr'><strong>queritur</strong></span> <span class='ocrx_word' id='word_1_208' title='bbox 309 2590 387 2665; x_wconf 89' lang='lat' dir='ltr'><strong>quod</strong></span> <span class='ocrx_word' id='word_1_209' title='bbox 405 2610 464 2649; x_wconf 93' lang='lat' dir='ltr'><strong>non</strong></span> <span class='ocrx_word' id='word_1_210' title='bbox 484 2595 607 2650; x_wconf 86' lang='lat' dir='ltr'><strong>ametur.</strong></span> <span class='ocrx_word' id='word_1_211' title='bbox 643 2593 675 2649; x_wconf 90' lang='lat' dir='ltr'><strong>P.</strong></span> <span class='ocrx_word' id='word_1_212' title='bbox 697 2610 757 2650; x_wconf 91' lang='lat' dir='ltr'><strong>non</strong></span> <span class='ocrx_word' id='word_1_213' title='bbox 776 2610 882 2666; x_wconf 90' lang='lat' dir='ltr'><strong>queror</strong></span> <span class='ocrx_word' id='word_1_214' title='bbox 902 2594 984 2668; x_wconf 90' lang='lat' dir='ltr'><strong>quod</strong></span> <span class='ocrx_word' id='word_1_215' title='bbox 1004 2606 1124 2653; x_wconf 71' lang='lat' dir='ltr'><strong>amares</strong></span> 
     </span>
     <span class='ocr_line' id='line_1_27' title="bbox 85 2679 1095 2760; baseline 0.003 -24"><span class='ocrx_word' id='word_1_216' title='bbox 85 2680 172 2753; x_wconf 88' lang='lat' dir='ltr'><strong>desii,</strong></span> <span class='ocrx_word' id='word_1_217' title='bbox 196 2680 246 2738; x_wconf 90' lang='lat' dir='ltr'><strong>sed</strong></span> <span class='ocrx_word' id='word_1_218' title='bbox 273 2679 412 2737; x_wconf 88' lang='lat' dir='ltr'><strong>illicitum</strong></span> <span class='ocrx_word' id='word_1_219' title='bbox 434 2681 529 2741; x_wconf 87' lang='lat' dir='ltr'><strong>hausi.</strong></span> <span class='ocrx_word' id='word_1_220' title='bbox 571 2681 615 2738; x_wconf 90' lang='lat' dir='ltr'><strong><em>M</em></strong></span> <span class='ocrx_word' id='word_1_221' title='bbox 636 2681 720 2756; x_wconf 87' lang='lat' dir='ltr'><strong>atqui</strong></span> <span class='ocrx_word' id='word_1_222' title='bbox 746 2700 806 2739; x_wconf 92' lang='lat' dir='ltr'><strong>uon</strong></span> <span class='ocrx_word' id='word_1_223' title='bbox 834 2684 900 2739; x_wconf 89' lang='lat' dir='ltr'><strong>erat</strong></span> <span class='ocrx_word' id='word_1_224' title='bbox 923 2682 988 2741; x_wconf 91' lang='lat' dir='ltr'><strong>odii</strong></span> <span class='ocrx_word' id='word_1_225' title='bbox 1011 2684 1095 2760; x_wconf 86' lang='lat' dir='ltr'><strong>potio,</strong></span> 
     </span>
     <span class='ocr_line' id='line_1_28' title="bbox 86 2769 1094 2845; baseline -0.001 -18"><span class='ocrx_word' id='word_1_226' title='bbox 86 2769 135 2827; x_wconf 89' lang='lat' dir='ltr'><strong>sed</strong></span> <span class='ocrx_word' id='word_1_227' title='bbox 155 2769 253 2828; x_wconf 90' lang='lat' dir='ltr'><strong>insani</strong></span> <span class='ocrx_word' id='word_1_228' title='bbox 272 2771 380 2827; x_wconf 85' lang='lat' dir='ltr'><strong>amoris</strong></span> <span class='ocrx_word' id='word_1_229' title='bbox 399 2769 568 2827; x_wconf 90' lang='lat' dir='ltr'><strong>remedium.</strong></span> <span class='ocrx_word' id='word_1_230' title='bbox 597 2788 656 2828; x_wconf 91' lang='lat' dir='ltr'><strong>non</strong></span> <span class='ocrx_word' id='word_1_231' title='bbox 673 2771 779 2829; x_wconf 90' lang='lat' dir='ltr'><strong>habuit</strong></span> <span class='ocrx_word' id='word_1_232' title='bbox 793 2770 872 2845; x_wconf 91' lang='lat' dir='ltr'><strong>quod</strong></span> <span class='ocrx_word' id='word_1_233' title='bbox 890 2772 1031 2845; x_wconf 91' lang='lat' dir='ltr'><strong>perderet</strong></span> <span class='ocrx_word' id='word_1_234' title='bbox 1044 2771 1094 2830; x_wconf 91' lang='lat' dir='ltr'><strong>nisi</strong></span> 
     </span>
     <span class='ocr_line' id='line_1_29' title="bbox 32 2857 1094 2933; baseline 0.001 -18"><span class='ocrx_word' id='word_1_235' title='bbox 32 2863 37 2871; x_wconf 92' lang='lat'>&#39;</span> <span class='ocrx_word' id='word_1_236' title='bbox 85 2860 222 2915; x_wconf 86' lang='lat' dir='ltr'><strong>mentem.</strong></span> <span class='ocrx_word' id='word_1_237' title='bbox 264 2857 297 2913; x_wconf 91' lang='lat' dir='ltr'><strong>P.</strong></span> <span class='ocrx_word' id='word_1_238' title='bbox 317 2857 473 2916; x_wconf 88' lang='lat' dir='ltr'><strong>immodice</strong></span> <span class='ocrx_word' id='word_1_239' title='bbox 494 2857 633 2916; x_wconf 89' lang='lat' dir='ltr'><strong>dicuntur</strong></span> <span class='ocrx_word' id='word_1_240' title='bbox 658 2860 722 2917; x_wconf 87' lang='lat' dir='ltr'><strong>sola</strong></span> <span class='ocrx_word' id='word_1_241' title='bbox 741 2877 817 2933; x_wconf 92' lang='lat' dir='ltr'><strong>quae</strong></span> <span class='ocrx_word' id='word_1_242' title='bbox 838 2878 899 2917; x_wconf 92' lang='lat' dir='ltr'><strong>non</strong></span> <span class='ocrx_word' id='word_1_243' title='bbox 923 2860 1025 2920; x_wconf 88' lang='lat' dir='ltr'><strong>licent.</strong></span> <span class='ocrx_word' id='word_1_244' title='bbox 1065 2863 1094 2917; x_wconf 91' lang='lat' dir='ltr'><strong>ut</strong></span> 
     </span>
     <span class='ocr_line' id='line_1_30' title="bbox 84 2946 1093 3025; baseline 0.002 -22"><span class='ocrx_word' id='word_1_245' title='bbox 84 2948 116 3003; x_wconf 88' lang='lat' dir='ltr'><strong>in</strong></span> <span class='ocrx_word' id='word_1_246' title='bbox 149 2948 279 3005; x_wconf 86' lang='lat' dir='ltr'><strong>furorem</strong></span> <span class='ocrx_word' id='word_1_247' title='bbox 313 2964 396 3004; x_wconf 91' lang='lat' dir='ltr'><strong>amor</strong></span> <span class='ocrx_word' id='word_1_248' title='bbox 430 2947 630 3022; x_wconf 86' lang='lat' dir='ltr'><strong>convalescat,</strong></span> <span class='ocrx_word' id='word_1_249' title='bbox 660 2946 836 3006; x_wconf 88' lang='lat' dir='ltr'><strong>difficultate</strong></span> <span class='ocrx_word' id='word_1_250' title='bbox 866 2948 909 3007; x_wconf 87' lang='lat' dir='ltr'><strong>fit.</strong></span> <span class='ocrx_word' id='word_1_251' title='bbox 958 2952 1004 3008; x_wconf 90' lang='lat' dir='ltr'><strong>M.</strong></span> <span class='ocrx_word' id='word_1_252' title='bbox 1025 2968 1093 3025; x_wconf 86' lang='lat' dir='ltr'><strong>quae</strong></span> 
     </span>
     <span class='ocr_line' id='line_1_31' title="bbox 85 3029 1122 3114; baseline 0.003 -23"><span class='ocrx_word' id='word_1_253' title='bbox 85 3035 246 3094; x_wconf 85' lang='lat' dir='ltr'><strong>difficultas</strong></span> <span class='ocrx_word' id='word_1_254' title='bbox 269 3029 385 3093; x_wconf 79' lang='lat' dir='ltr'><strong>maior?</strong></span> <span class='ocrx_word' id='word_1_255' title='bbox 425 3037 545 3093; x_wconf 89' lang='lat' dir='ltr'><strong>turbam</strong></span> <span class='ocrx_word' id='word_1_256' title='bbox 572 3036 700 3095; x_wconf 79' lang='lat' dir='ltr'><strong>divitum</strong></span> <span class='ocrx_word' id='word_1_257' title='bbox 727 3040 892 3112; x_wconf 80' lang='lat' dir='ltr'><strong>exspectas3</strong></span> <span class='ocrx_word' id='word_1_258' title='bbox 921 3057 975 3097; x_wconf 94' lang='lat' dir='ltr'><strong>nec</strong></span> <span class='ocrx_word' id='word_1_259' title='bbox 998 3039 1122 3114; x_wconf 74' lang='lat' dir='ltr'><strong>lepre-e</strong></span> 
     </span>
    </p>
   </div>
   <div class='ocr_carea' id='block_1_5' title="bbox 78 3237 1091 3560">
    <p class='ocr_par' dir='ltr' id='par_1_5' title="bbox 78 3237 1091 3560">
     <span class='ocr_line' id='line_1_32' title="bbox 159 3237 1091 3332; baseline -0.001 -5"><span class='ocrx_word' id='word_1_260' title='bbox 159 3275 251 3328; x_wconf 84' lang='lat' dir='ltr'><strong>lodii</strong></span> <span class='ocrx_word' id='word_1_261' title='bbox 269 3275 350 3328; x_wconf 89' lang='lat' dir='ltr'><strong>Potio</strong></span> <span class='ocrx_word' id='word_1_262' title='bbox 370 3237 420 3327; x_wconf 58' lang='lat' dir='ltr'><strong>xil</strong></span> <span class='ocrx_word' id='word_1_263' title='bbox 438 3275 483 3328; x_wconf 81' lang='lat' dir='ltr'><strong>lex</strong></span> <span class='ocrx_word' id='word_1_264' title='bbox 503 3285 530 3329; x_wconf 81' lang='grc' dir='ltr'><strong>Ρ</strong></span> <span class='ocrx_word' id='word_1_265' title='bbox 617 3277 777 3330; x_wconf 85' lang='lat' dir='ltr'><strong>6votibulo</strong></span> <span class='ocrx_word' id='word_1_266' title='bbox 801 3286 846 3331; x_wconf 80' lang='lat' dir='ltr'><strong>VB</strong></span> <span class='ocrx_word' id='word_1_267' title='bbox 941 3284 974 3332; x_wconf 96' lang='grc'><strong>12</strong></span> <span class='ocrx_word' id='word_1_268' title='bbox 994 3282 1091 3332; x_wconf 84' lang='lat' dir='ltr'><strong>amator</strong></span> 
     </span>
     <span class='ocr_line' id='line_1_33' title="bbox 84 3346 1088 3403; baseline 0 -5"><span class='ocrx_word' id='word_1_269' title='bbox 84 3346 132 3398; x_wconf 92' lang='lat' dir='ltr'><strong>odi</strong></span> <span class='ocrx_word' id='word_1_270' title='bbox 154 3355 229 3400; x_wconf 68' lang='lat' dir='ltr'><strong>nvn</strong></span> <span class='ocrx_word' id='word_1_271' title='bbox 290 3347 590 3401; x_wconf 62' lang='lat' dir='ltr'><strong>mercamentum</strong></span> <span class='ocrx_word' id='word_1_272' title='bbox 650 3354 683 3401; x_wconf 91' lang='grc'><strong>22</strong></span> <span class='ocrx_word' id='word_1_273' title='bbox 703 3347 836 3402; x_wconf 87' lang='lat' dir='ltr'><strong>affectum</strong></span> <span class='ocrx_word' id='word_1_274' title='bbox 859 3358 904 3403; x_wconf 77' lang='lat' dir='ltr'><strong>VB</strong></span> <span class='ocrx_word' id='word_1_275' title='bbox 962 3346 1088 3403; x_wconf 72' lang='grc'><strong>2611111111</strong></span> 
     </span>
     <span class='ocr_line' id='line_1_34' title="bbox 85 3417 1059 3490; baseline 0.007 -23"><span class='ocrx_word' id='word_1_276' title='bbox 85 3426 112 3467; x_wconf 84' lang='lat' dir='ltr'><strong><em>P</em></strong></span> <span class='ocrx_word' id='word_1_277' title='bbox 182 3423 215 3469; x_wconf 80' lang='grc'><strong>27</strong></span> <span class='ocrx_word' id='word_1_278' title='bbox 242 3418 336 3471; x_wconf 87' lang='lat' dir='ltr'><strong>insani</strong></span> <span class='ocrx_word' id='word_1_279' title='bbox 359 3417 474 3471; x_wconf 86' lang='lat' dir='ltr'><strong>amoris:</strong></span> <span class='ocrx_word' id='word_1_280' title='bbox 503 3418 630 3473; x_wconf 86' lang='lat' dir='ltr'><strong>insaniae</strong></span> <span class='ocrx_word' id='word_1_281' title='bbox 654 3428 731 3474; x_wconf 70' lang='grc' dir='ltr'><strong>ΗΒ</strong></span> <span class='ocrx_word' id='word_1_282' title='bbox 803 3425 836 3474; x_wconf 86' lang='grc'><strong>28</strong></span> <span class='ocrx_word' id='word_1_283' title='bbox 861 3420 989 3490; x_wconf 86' lang='lat' dir='ltr'><strong>liguntur</strong></span> <span class='ocrx_word' id='word_1_284' title='bbox 1012 3429 1059 3473; x_wconf 72' lang='lat' dir='ltr'><strong>PB</strong></span> 
     </span>
     <span class='ocr_line' id='line_1_35' title="bbox 78 3487 615 3560; baseline -0.002 -17"><span class='ocrx_word' id='word_1_285' title='bbox 78 3487 158 3544; x_wconf 89' lang='lat' dir='ltr'><strong>solae</strong></span> <span class='ocrx_word' id='word_1_286' title='bbox 178 3512 214 3560; x_wconf 70' lang='grc' dir='ltr'><strong>ως</strong></span> <span class='ocrx_word' id='word_1_287' title='bbox 233 3491 342 3548; x_wconf 66' lang='lat' dir='ltr'><strong>conexi</strong></span> <span class='ocrx_word' id='word_1_288' title='bbox 414 3493 449 3543; x_wconf 76' lang='grc'><strong>22</strong></span> <span class='ocrx_word' id='word_1_289' title='bbox 468 3488 502 3542; x_wconf 75' lang='lat' dir='ltr'><strong>ut</strong></span> <span class='ocrx_word' id='word_1_290' title='bbox 519 3506 571 3544; x_wconf 75' lang='lat' dir='ltr'><strong>oui.</strong></span> <span class='ocrx_word' id='word_1_291' title='bbox 591 3500 615 3542; x_wconf 77' lang='grc' dir='ltr'><strong>ι·</strong></span> 
     </span>
    </p>
   </div>
   <div class='ocr_carea' id='block_1_6' title="bbox 0 0 1212 3840">
    <p class='ocr_par' dir='ltr' id='par_1_6' title="bbox 0 0 1212 3840">
     <span class='ocr_line' id='line_1_36' title="bbox 0 0 1212 3840; baseline 0 0"><span class='ocrx_word' id='word_1_292' title='bbox 0 0 1212 3840; x_wconf 95' lang='lat' dir='ltr'><strong> </strong></span> 
     </span>
    </p>
   </div>
  </div>
 </body>
</html>
