2408 3840
147 137 210 202 166
455 136 586 191 GEMINI
604 136 848 192 LANGVENTES

144 325 219 365 unus
243 325 278 364 ex
301 307 434 383 geminis.
480 307 596 365 felicior
617 307 669 365 ille
692 307 778 366 dolor
801 309 846 367 est
869 308 921 383 qui
948 308 1078 385 transigi
1101 308 1157 367 sal-

143 397 204 453 tem
232 414 298 454 cum
326 396 418 454 oculis
446 396 558 471 potest,
589 399 759 470 renovatur,
791 396 964 456 accenditur
990 397 1021 454 et
1049 398 1084 454 in
1113 397 1158 456 his

144 483 276 543 vultibus
294 484 381 542 illum
399 484 509 543 cotidie
529 486 618 559 putat
637 486 735 543 videre
758 487 939 561 pereuntem.
976 485 1028 544 sed
1046 487 1078 543 et
1096 487 1159 561 ipse

145 572 254 650 gaudio
277 573 410 631 redditae
433 575 513 632 vitae
541 574 717 650 laetitiaque
740 594 800 633 non
827 575 939 633 irruitur
960 593 1015 633 neo
1042 592 1074 633 se
1099 593 1159 633 cre·

145 663 212 720 dere
230 663 330 738 potest
348 663 473 721 caritate
491 664 660 737 praelatum
679 682 767 739 quem
785 663 915 723 medicus
935 664 1034 741 elegit.
1067 665 1160 723 sentit
1184 683 1194 723 s

144 752 248 809 infelix
271 753 354 810 cuius
378 752 516 810 orbitatis
540 753 645 812 unicus
669 754 721 827 sit,
750 752 855 828 quibus
878 753 1010 812 lacrimis
1037 753 1159 828 perfun-

144 841 254 899 dantur
281 841 394 914 oscula,
423 859 513 915 quam
539 843 656 918 magnis
684 841 898 918 profundisque
926 843 1062 917 suspiriis
1091 861 1159 901 oon-

144 931 296 989 cutiantur
319 931 480 1005 amplexus.
526 931 635 988 misera
657 931 835 989 verecundia
858 931 997 999 sanitatis
1019 933 1158 1008 ingratae

142 1021 273 1095 pretium
295 1019 353 1077 sibi
375 1019 493 1077 videtur
515 1018 617 1077 fratris
641 1021 738 1078 occisi.

210 1106 401 1166 Convertitur
423 1108 479 1166 hoe
501 1108 581 1181 loco,
603 1108 729 1181 iudices,
757 1109 864 1166 mulier
886 1108 992 1167 infelix
1020 1111 1050 1167 et
1074 1110 1158 1167 velut
1172 1129 1193 1168 ro

144 1197 182 1255 ad
214 1196 364 1271 quandam
397 1198 596 1272 praesentiam
628 1199 731 1256 amissi
761 1199 891 1271 iuvenis,
920 1190 1015 1272 ‘sive'‚
1047 1199 1158 1272 inquit,

144 1280 277 1344 ‘tandem
290 1287 449 1344 securitate
465 1287 570 1344 mortis
590 1287 746 1362 explicitus
764 1287 797 1343 in
811 1287 912 1362 aliquo
927 1286 1005 1346 sedis
1019 1289 1158 1345 aeternae

142 1374 255 1450 pudore
273 1375 441 1449 requiescis,
464 1376 526 1433 sive
545 1376 679 1434 exclusus
698 1394 732 1433 ac
752 1394 844 1453 vagus
868 1377 898 1433 et
917 1377 998 1433 inter
1020 1375 1158 1434 fabulosa

142 1465 289 1538 supplicia
310 1463 485 1522 metuendus
509 1464 605 1522 adhuc
632 1464 813 1523 laceratione
836 1465 1066 1539 perstupentes
1089 1465 1158 1523 hor·

141 1555 298 1627 rentesque
321 1571 422 1612 manes
446 1552 551 1610 umbra
574 1553 727 1626 discurris,
751 1553 822 1611 audi
843 1554 1027 1612 miserrimae
1050 1555 1158 1612 matris
1172 1571 1194 1612 Β

141 1643 360 1716 iniquissimam
384 1642 645 1716 conplorationem.
692 1661 752 1700 non
775 1641 895 1716 quidem
917 1643 1005 1701 licuit
1026 1643 1105 1701 mihi
1126 1644 1158 1699 in

141 1731 218 1789 illud
241 1724 455 1809 [conditorum]
486 1731 654 1789 cubiculum
681 1733 750 1789 tuae
778 1732 883 1790 mortis
910 1733 1082 1807 inrumpere
1105 1750 1159 1790 nec

143 1839 233 1894 supra
256 1822 409 1879 carissima
435 1819 568 1878 membra
594 1821 762 1894 prostratae
789 1821 862 1878 meis
886 1820 1011 1878 vulnera
1032 1822 1088 1879 tua
1115 1823 1158 1879 te·

143 1927 211 1986 gere
238 1909 407 1968 visceribus.
454 1908 534 1984 quod
561 1909 657 1967 solum
684 1910 786 1966 tamen
811 1909 911 1984 potui,
941 1927 1047 1984 corpus
1078 1909 1158 1986 quod

142 1997 281 2071 medicus
305 1998 385 2073 quod
400 1992 565 2073 'reliquerat
586 1999 681 2073 pater,
704 1998 759 2056 hoc
778 1999 845 2057 sinu
863 1999 972 2057 misera
993 1999 1105 2076 collegi
1123 2017 1157 2057 ac
1171 2016 1194 2056 ro

142 2105 270 2145 vacuum
296 2089 399 2162 pectus
427 2087 545 2164 frigidis
573 2086 754 2160 abiectisque
782 2086 944 2146 visceribus
971 2106 1075 2147 rursus
1103 2089 1158 2146 im·

142 2177 235 2251 plevi,
268 2195 385 2251 sparsos
418 2178 499 2235 artus
530 2175 713 2250 amplexibus
741 2177 838 2249 iunxi,
870 2175 1003 2234 membra
1034 2176 1158 2236 diducta

143 2267 286 2341 conposui
312 2267 342 2323 et
369 2265 405 2322 de
432 2266 514 2324 tristi
541 2264 738 2339 terribilique·
754 2265 831 2323 faeie
858 2265 979 2331 tandem
1003 2267 1089 2343 aegri
1111 2285 1157 2325 aa·

143 2356 234 2413 darer
260 2356 380 2413 imitata
408 2373 481 2413 sum.
527 2354 582 2412 hoc
610 2355 655 2413 est
681 2355 783 2412 tamen
810 2354 891 2428 quod
917 2353 953 2413 de
982 2355 1158 2415 tristissima

142 2445 270 2502 orbitate
293 2445 450 2520 praecipue
474 2444 550 2501 ferre
573 2462 633 2501 non
655 2461 788 2517 possum:
816 2444 939 2518 propter
963 2443 1092 2502 fiunem
1114 2445 1156 2502 vi-
1169 2461 1193 2502 rs

142 2534 219 2591 deris
243 2535 368 2606 occisus,
398 2552 451 2591 nec
474 2534 575 2590 tamen
598 2552 739 2607 umquam
762 2534 898 2590 constare
925 2523 1039 2607 poterit
1062 2552 1103 2592 an
1124 2535 1156 2592 tu

142 2624 292 2681 sanaveris
315 2623 446 2680 fratrem.
991 2645 993 2652 ’

216 2791 428 2860 1ὺτειιιείςίξΒ
472 2790 611 2844 3cotidie
626 2807 675 2844 om.
691 2799 712 2842 V
758 2789 908 2864 lfruitur:
924 2786 1005 2843 -ruit-
1020 2792 1053 2844 ia
1066 2799 1159 2847 ras!

144 2868 158 2914 ‘l
179 2861 331 2931 superiruis
350 2872 377 2915 Ρ
439 2868 471 2914 11
492 2861 607 2915 admissi
625 2871 650 2915 J
711 2866 743 2914 12
762 2859 911 2929 explicitus
930 2878 965 2914 ea·
982 2863 1060 2915 -atus
1078 2872 1107 2916 Β

143 2935 257 2987 aeterno
271 2942 299 2986 Β
352 2938 385 2986 lo
403 2949 500 2986 manes
519 2932 570 2985 sub
588 2932 688 2986 umbra
702 2941 730 2985 Β
784 2937 816 2986 16
836 2931 1161 3001 decomplorationeml

78 3020 81 3027 ·
144 3010 176 3056 17
197 3005 383 3058 conditorium
402 3005 485 3059 deleto
504 3003 664 3056 cubiculum
683 3003 741 3058 Sele.
805 3007 837 3055 18
857 3004 1157 3071 prostratae-mem·

142 3076 194 3129 bra
213 3077 286 3130 licea
300 3082 333 3128 22
353 3085 439 3145 ocur
507 3081 539 3127 21
561 3074 734 3143 adiectisque
753 3083 807 3140 Ββ;
827 3074 1002 3142 adiectisque
1021 3092 1054 3130 ex
1074 3076 1124 3130 ab·
1136 3086 1161 3130 J

144 3149 304 3201 astantem
322 3156 350 3200 Β
401 3152 454 3199 “24
473 3146 604 3199 inmitata
622 3154 650 3198 Β
719 3145 845 3199 trissima
863 3154 891 3198 Β
1042 3200 1045 3206 Δ

214 3219 250 3271 M.
260 3218 356 3271 FABII
366 3216 614 3282 QVINTILLIANI
623 3216 753 3270 GEMINI
762 3214 981 3270 cassanias
991 3216 1157 3272 EXPLICIT

32 3253 37 3265 '
142 3289 275 3344 mcum
295 3289 505 3343 aaronica
523 3297 551 3341 n
616 3287 653 3340 rr.
668 3288 752 3340 FABI
771 3286 1006 3352 ovmrmraru.
1027 3288 1158 3343 aarum

143 3377 381 3443 asseramur
401 3364 536 3431 erroro.
557 3373 728 3446 (arramato)
746 3365 845 3430 mori
862 3375 1075 3432 aaronica
1097 3381 1158 3445 <aa

38 3446 40 3451 '
143 3451 200 3513 oio)
218 3459 260 3513 ι’,
293 3451 398 3505 ‘eadem
417 3459 449 3502 Μ
463 3450 511 3504 sed
529 3450 614 3503 miralo
629 3451 725 3517 pinxit
742 3447 875 3502 INCIPIT
893 3447 1158 3505 ARGVMENTVM
