2408 3840
361 121 593 176 DECLAMATIO
612 121 664 174 ΠΡ)
679 127 756 176 2-4.
1025 121 1065 186 61

49 291 178 350 militiae
200 290 353 363 plenitudo
377 295 518 364 qaantam
545 295 607 350 tam
629 292 775 350 dedecoris
798 293 960 351 Marianas
985 292 1068 350 miles

54 383 160 440 omna
185 379 330 447 mialerit,
359 384 501 454 qaantam
528 384 589 439 tam
614 381 759 454 infoderit
782 381 936 453 paludatis
963 394 1066 454 oppro-

57 471 163 528 brimn.
194 471 229 528 in
246 469 356 528 amam
374 473 464 528 morte
481 471 619 528 militaris
632 472 725 543 periit
740 472 872 544 pravitas
887 469 1068 543 disciplinae,

57 575 140 633 anan
166 558 250 616 nolles
276 560 485 617 insanissimas
507 574 538 617 se
559 561 717 632 peremisse
737 559 891 633 plorator,
913 556 1069 631 praedicat

16 652 82 707 net
102 647 223 707 amat.
267 646 349 705 miles
372 651 444 706 eerte
471 666 555 722 qaem
576 649 701 707 viriliter
722 649 859 707 lanienas
882 648 953 720 qnid
980 649 1069 722 episse

53 753 113 795 non
132 739 176 794 est
193 738 244 808 qai
261 736 375 804 riderit,
387 737 480 805 miles,
496 739 627 810 ammam,
644 739 754 796 eioilms
774 738 956 810 etpraelatis
974 738 1068 810 mapis

53 825 226 885 metuendas
254 842 341 898 qaam
370 826 513 898 mortitam
542 844 626 899 anem
652 828 780 899 proferto
809 828 836 884 sl
865 826 986 884 dimittis
1015 827 1069 882 im·

49 917 202 989 panitam,
224 915 316 972 sandi
338 918 442 973 eeteros
465 917 622 988 eaposnisti
638 916 780 988 perioalo.
820 915 885 974 ideo
902 911 1069 988 persmalis

55 1005 200 1077 iniqaitas
215 995 312 1077 'pram
338 1007 379 1062 est
405 1004 657 1063 animadoersione
685 1004 832 1078 ferienda,
861 1022 898 1062 ne
924 1003 1069 1078 peneralis

25 1095 157 1152 noeniat
178 1094 213 1150 in
235 1092 402 1165 eneraplam.

122 1181 246 1254 Sionis
272 1199 384 1240 samaro
408 1183 471 1240 oalt
498 1182 657 1255 eaempmm
684 1183 718 1241 de
745 1183 861 1251 scelere,
882 1183 1104 1254 pentametri

10 1340 12 1345 .
54 1287 183 1344 poenam
200 1270 236 1328 de
253 1270 319 1344 lepe.
352 1271 520 1330 lanmiosas
533 1272 616 1330 nolles
630 1272 803 1330 tribomioiae
816 1272 967 1345 potestates
983 1287 1069 1343 prae-

10 1384 13 1405 =
58 1361 150 1419 snlem
178 1363 205 1418 et
230 1361 404 1434 mopistram
431 1364 456 1418 et
485 1362 588 1420 oceidit
615 1362 781 1429 immolam,
811 1364 836 1419 et
865 1360 1070 1418 abominabilis

58 1448 258 1523 impediatiae
276 1451 449 1508 aanlaatar
467 1451 607 1520 oooismm
630 1467 713 1524 qaem
735 1454 852 1508 senatos
876 1449 964 1523 eleplt,
987 1465 1071 1521 anem

34 1538 103 1597 alie
126 1539 267 1596 eaeroims
290 1538 347 1596 sibi
369 1538 461 1596 oolait
482 1542 509 1596 et
529 1541 662 1612 poposcit
683 1539 819 1598 ordinmi
842 1539 999 1596 tribnnam.
1046 1541 1072 1596 et

60 1644 123 1685 enm
146 1642 227 1684 mors
248 1627 338 1685 soleat
359 1627 505 1686 maloram
527 1645 586 1689 esse
608 1630 781 1696 novissima,
806 1631 952 1685 mortnmn
975 1630 1072 1685 tamen

60 1717 134 1775 nale
158 1715 253 1774 dieaoi
275 1714 357 1774 dmte
383 1717 601 1775 andelissimas
623 1718 705 1776 miles
729 1718 925 1775 indesinenter
945 1705 1024 1774 rodit
1046 1719 1072 1774 et

61 1804 176 1864 maer.
213 1805 264 1862 sed
285 1806 425 1878 anamodo
442 1807 689 1879 respondebitille
707 1806 931 1879 postmortem?
966 1804 1071 1878 quibas

61 1894 154 1953 omlis
187 1893 295 1951 obieeta
324 1894 434 1967 refdlet
464 1897 594 1954 marisia
626 1894 661 1954 de
691 1896 862 1968 sepnloloro?
908 1897 977 1967 apat
1006 1910 1071 1966 erpo

34 1982 199 2041 nRornana
220 1984 318 2054 pietas
345 1986 372 2041 et
396 1986 538 2056 snseipiat
564 2001 685 2044 masam
712 1987 774 2043 eins
797 1986 880 2043 onias
907 1986 969 2056 ipse
996 1985 1071 2040 oioes

62 2087 173 2145 semper
191 2072 255 2145 epit,
273 2071 343 2129 dnm
357 2073 471 2131 oioeret.
506 2089 566 2131 non
584 2077 626 2132 est
642 2073 787 2141 idmeam,
805 2089 864 2130 non
883 2077 924 2130 est
941 2072 1071 2145 dipnam,

62 2165 93 2218 nt
112 2163 191 2219 inter
212 2176 320 2218 manas
341 2165 452 2219 oestras
475 2164 537 2221 eins
560 2179 651 2222 eaasa
673 2179 774 2221 oasam
797 2166 849 2219 ant
871 2161 1072 2220 detrimentam

63 2253 204 2308 sustineat
230 2251 313 2308 emtas
339 2252 431 2309 oliam
456 2253 534 2309 inter
554 2268 605 2310 ros
629 2251 833 2309 miserabiliter
860 2250 996 2308 oooldisso
1018 2251 1072 2306 mi-

64 2339 243 2398 sericorditer
262 2337 426 2411 deploratis.
464 2343 603 2399 ottmnen
620 2343 714 2415 mapis
732 2341 802 2398 loeo
820 2341 893 2397 aetio
912 2340 1072 2396 sommariis

37 2430 193 2486 samiam
219 2428 367 2485 lammam
395 2444 455 2486 osse
477 2429 563 2487 debet.
607 2446 668 2487 non
690 2433 732 2487 est
752 2431 874 2486 martias
896 2429 1073 2500 profatara:

10 2500 15 2595 ξ
64 2518 196 2574 oiooram
217 2516 272 2574 liae
294 2516 458 2589 defensione
480 2520 628 2577 sonoritati
645 2519 827 2591 prospicitur
845 2521 872 2575 et
888 2517 986 2574 solati.
1022 2514 1073 2573 sed

10 2598 16 2617 '
10 2604 103 2679 ad
125 2607 305 2680 prassotoris
332 2607 420 2664 haias
446 2607 534 2665 oerba
560 2608 718 2680 specialius
742 2607 916 2665 recensenda
941 2606 1073 2679 linpnam

10 2691 99 2769 ¹de
123 2698 215 2753 cetero
246 2698 453 2753 convertanms
498 2698 531 2754 in
562 2696 668 2764 medio,
700 2698 807 2769 inarsit,
784 2695 979 2754 tOimbm'ei
1007 2694 1073 2752 belli

10 2738 163 2889 {strepit
163 2801 184 2840 ιι
210 2785 271 2840 omn
296 2784 408 2856 inferre
428 2784 531 2853 romi,
557 2802 595 2843 ne
617 2785 688 2857 qaid
711 2785 795 2844 alind
817 2785 927 2852 diram,
949 2784 1072 2856 fortiori

10 2846 80 2973 {aa
100 2873 190 2930 rerba
213 2875 273 2930 tam
300 2874 424 2946 confasa
450 2892 538 2947 qaam
561 2874 696 2933 dissono!
741 2875 823 2932 miles
852 2878 984 2932 armatas
1012 2875 1074 2930 erat

134 3075 303 3130 lmarism9
321 3083 356 3129 N
411 3080 594 3146 2quantum:
614 3078 689 3147 quod
708 3087 740 3132 M
792 3077 928 3147 imagis:
948 3076 1028 3146 niger
1047 3081 1080 3128 N

66 3147 281 3201 sariendam
366 3148 568 3202 mimimo!
655 3156 687 3203 12
706 3149 881 3203 tribuniae!
964 3153 995 3200 15
1011 3153 1075 3216 post

67 3218 189 3272 ordinari
207 3221 226 3272 2
245 3219 394 3273 littori!
455 3226 487 3274 16
506 3223 633 3274 motuum
651 3228 685 3274 N
744 3226 776 3275 17
796 3223 824 3274 et
843 3237 892 3274 om.
908 3228 945 3286 M,
965 3221 1027 3273 add.
1043 3240 1075 3270 m

67 3289 217 3356 quomodo:
237 3305 319 3358 quem
338 3298 371 3343 N
421 3296 454 3354 23
473 3291 631 3345 substineat
648 3300 682 3345 N
735 3298 769 3345 24
787 3291 890 3360 magis:
909 3291 975 3360 uigi
994 3297 1027 3342 Ν

67 3361 151 3415 atio:
177 3360 320 3414 accusatio
342 3362 403 3416 Obr
477 3367 510 3416 25
530 3363 654 3416 omnium
672 3379 722 3419 om.
740 3374 762 3416 θ
834 3367 867 3416 26
887 3365 915 3415 et
933 3378 983 3416 om
1001 3372 1022 3414 ο

67 3435 99 3484 a
121 3432 304 3503 metiaris.
324 3433 525 3504 aggressamris
545 3442 578 3486 N
643 3434 816 3489 reeensands
837 3442 866 3488 Μ
937 3438 974 3488 33
999 3434 1039 3494 (ἢ
1024 3433 1096 3505 Q

69 3503 173 3558 adeam
191 3505 238 3573 er.)
258 3513 290 3557 Μ
359 3521 454 3573 quom:
473 3517 597 3575 quomo
