2408 3840
118 160 160 223 70
478 156 765 212 MATHEMATICVS

116 324 303 387 cessitatem?
348 326 384 385 de
407 328 497 402 parti
519 327 618 386 uxoris
641 344 701 384 non
722 326 823 402 potnit
843 343 904 385 non
931 326 1124 404 interrogare,

116 416 221 475 deinde
251 434 310 474 non
340 415 473 475 eredidit.
518 416 646 474 referam
674 434 765 489 nnnc,
795 414 826 474 P.
852 412 896 489 0,
929 416 1014 475 euius
1044 416 1124 489 artis,

116 506 198 564 cuius
226 505 317 565 fuisse
340 505 457 564 dicatur
485 505 674 563 auctoritatis
697 523 785 580 quem
810 504 932 579 putavit
957 503 1125 563 adeundum

116 595 168 668 qui
183 595 232 653 sic
254 593 388 652 timebat.
424 594 512 652 homo
536 595 597 669 qui,
620 592 700 668 quod
723 594 837 653 certum
858 593 963 667 habeo,
989 592 1124 669 plurimis

115 685 264 741 meruerat
287 683 504 758 experimentis,
527 685 562 741 ut
584 682 623 740 ad
643 683 731 740 illum
753 681 837 741 velut
859 681 899 740 ad
916 682 1041 741 omenta
1057 681 1123 741 deo·
1142 697 1151 739 ι

114 793 181 830 rum
198 773 377 848 plenumque
392 790 475 831 sacro
489 773 599 847 spiritu
616 774 719 847 pectus
737 771 891 831 hominum
908 770 1123 831 sollicitudines

114 864 268 937 metusque
291 862 491 939 confugerent,
514 860 625 920 dicitur
641 862 776 936 inspecta
792 860 887 920 totius
903 859 1024 919 ratione
1042 858 1123 933 cudi,

115 951 239 1028 digestis
265 950 410 1010 sideribus
437 951 470 1008 in
496 968 634 1009 numeros
661 950 700 1009 ad
726 949 840 1025 publici
867 949 1042 1024 priuatique
1070 948 1125 1007 foti

115 1042 262 1116 stupuisse
291 1041 492 1115 conspectum,
522 1040 553 1097 et
581 1040 668 1097 tanta
697 1056 907 1115 prosperorum
934 1038 1125 1113 tristiumque

115 1130 250 1206 congerie
277 1130 372 1205 magis
399 1129 465 1203 ipso
492 1129 660 1187 consultore
686 1128 862 1203 pertenitns
885 1125 938 1185 diu
964 1128 1028 1187 'non
1048 1142 1165 1197 eom-n:

115 1219 229 1276 misisse
252 1218 350 1276 verbis
374 1216 453 1291 quod
476 1216 605 1275 videbat.
1122 1264 1127 1270 .
1163 1238 1165 1257 ι

79 1303 98 1358 4
184 1304 241 1364 Sed
269 1324 286 1364 o
313 1308 411 1364 virum
443 1307 601 1383 gravitatis
634 1307 776 1380 antiquae
805 1304 989 1383 dignumque
1018 1306 1068 1364 cu'i
1093 1322 1123 1364 se
1163 1348 1165 1387 :

115 1395 246 1453 fatorum
274 1413 383 1453 aroana
410 1394 569 1453 nudarent!
614 1413 682 1454 cum
709 1396 826 1470 partus,
854 1393 891 1452 de
919 1411 979 1469 quo
1003 1412 1123 1469 quaere·
1163 1416 1165 1443 ι

115 1483 213 1557 batur,
227 1484 323 1542 multa
336 1486 503 1559 praestaret
516 1484 657 1560 propiora
669 1502 820 1559 prospera,
839 1483 935 1542 laetos
948 1483 1123 1558 incipientes

115 1590 216 1646 annos,
235 1573 371 1630 nonfuit
390 1574 545 1632 contentus
562 1573 687 1632 meliora
705 1573 883 1648 praedicere,
905 1573 945 1645 et,
969 1590 1052 1647 quse·
1066 1584 1150 1631 cer-n

114 1662 231 1720 tissima
250 1664 295 1721 est
308 1679 379 1720 vera
394 1662 612 1736 proferentium
624 1661 705 1735 fides,
724 1660 865 1737 quioquid
883 1660 1122 1737 deprehenderet

114 1751 241 1825 protulit
258 1752 290 1809 in
308 1750 439 1809 medium
462 1754 492 1809 et
513 1751 712 1827 proclamavit
733 1752 868 1809 futurum
885 1749 987 1809 virum
1010 1750 1123 1823 fortem,

115 1838 220 1898 deinde
247 1839 435 1916 parricidam.
482 1841 548 1914 quis
576 1858 721 1914 unquam,
749 1838 781 1897 P.
802 1837 845 1912 0.,
875 1837 984 1897 fiducia
1014 1840 1122 1899 maiore

114 1927 287 2003 respondit?
332 1948 400 1988 cum
432 1947 579 1988 summum
610 1929 725 1988 facinus
757 1927 960 2002 denuntiaret,
993 1930 1064 1988 ante
1093 1944 1122 1986 se

115 2016 192 2075 dixit
217 2019 421 2093 probaturum.
467 2018 580 2076 fecerat
604 2018 752 2094 profecto,
782 2016 814 2074 P.
837 2015 883 2091 0,
911 2016 1151 2095 manogmdon

114 2106 359 2166 mathematicum
380 2109 467 2183 pater
493 2125 556 2165 rem
579 2125 639 2164 non
667 2106 833 2179 educatori,
860 2107 887 2165 si
909 2104 983 2181 quid
1010 2106 1123 2167 tristius

115 2198 314 2271 comperisset,
337 2198 396 2256 nisi
418 2196 474 2255 hoe
497 2197 627 2271 primum
650 2195 685 2254 de
709 2196 773 2254 fato
795 2195 910 2268 fuisset,
932 2197 968 2253 ut
987 2197 1122 2254 viumem.

115 2285 167 2343 sed
196 2304 249 2345 nec
280 2286 487 2344 mathematici
518 2283 591 2344 fides
622 2285 701 2343 circa
732 2286 916 2343 momentum
946 2283 1122 2359 aliquodque

116 2377 242 2433 cessavit
261 2375 402 2448 ordinem,
424 2392 485 2432 non
503 2391 643 2432 numerus
662 2373 778 2447 fefellit,
796 2391 856 2432 non
873 2390 960 2432 sexus
977 2374 1012 2431 in
1029 2375 1122 2449 partu,
1162 2400 1165 2405 ·

116 2482 175 2522 non
199 2465 335 2536 iuuenta,
363 2482 422 2522 non
445 2462 542 2521 robur.
588 2463 642 2521 illa
666 2480 782 2537 quoque
806 2480 882 2536 qnae
905 2461 990 2520 velut
1017 2462 1149 2521 extum-n

116 2569 198 2610 secus
218 2553 449 2625 consentiebant,
469 2551 590 2610 adfuere
607 2569 757 2626 responso,
779 2550 900 2626 bellum,
920 2550 1026 2625 hostis,
1050 2551 1120 2610 acies

132 2684 145 2689 -.
158 2685 162 2689 .
167 2684 328 2691 ----.-.-

189 2764 202 2811 1
221 2759 304 2826 parta
318 2767 352 2825 Β,
370 2767 472 2813 eorm
532 2773 588 2810 non
605 2759 637 2811 ιἰι
654 2736 708 2811 roe.
723 2764 751 2808 Β
767 2772 801 2811 ee
818 2764 892 2809 nuno
910 2757 990 2826 (corr.
1005 2756 1058 2825 οἵ)

114 2872 219 2918 ‘zcuus
238 2874 272 2931 Β,
291 2864 301 2917 i
319 2864 418 2918 addc
480 2843 648 2933 toraould}
664 2872 700 2931 Β,
718 2873 820 2918 eom
891 2864 1040 2932 spectus:
1060 2877 1121 2918 ocn-

115 2942 170 2991 etl
186 2936 237 2991 litt.
252 2945 317 2989 em
370 2940 386 2988 8
405 2934 536 3004 digestis:
555 2934 670 2989 alteram
688 2935 699 2987 i
716 2937 748 2989 ιἰι
761 2950 816 2991 ras.
826 2942 854 2986 Β
905 2948 1038 2989 muneres
1051 2942 1078 2988 P

117 3006 196 3095 adn
255 3041 422 3111 estipuisse
441 3050 483 3107 Μ,
506 3057 573 3095 corr.
588 3061 620 3093 ιιι
682 3045 714 3094 10
733 3040 807 3109 ipso:
831 3040 896 3095 iin
912 3057 968 3095 rae.
982 3048 1012 3092 Β
1065 3056 1124 3094 con·

115 3113 234 3168 suttore:
259 3129 342 3167 eom.
357 3122 391 3180 Β,
410 3112 508 3166 addc
563 3116 595 3164 1³
615 3111 772 3196 archanas
833 3113 1078 3181 repraestare!

115 3185 263 3268 propriora
276 3192 335 3237 ΒΜ
385 3184 533 3252 prosperat
546 3192 581 3249 Β,
599 3200 667 3238 corr.
682 3185 714 3236 ιἰι
731 3185 914 3253 prospexerat
931 3192 949 3235 ι
1006 3186 1041 3237 18
1058 3181 1125 3236 fidu·

117 3256 189 3309 eicia
207 3265 236 3309 Β
310 3254 470 3309 oofeoto
489 3271 523 3308 ec
540 3226 693 3310 retractura
711 3262 744 3306 s!
794 3271 820 3323 p.
841 3262 902 3307 eP
952 3253 984 3308 in
984 3255 1126 3325 tte-mogun

117 3326 184 3380 dum
198 3337 225 3380 Β
291 3260 432 3410 {titiis
499 3331 532 3379 23
551 3327 714 3380 monument
715 3342 762 3378 um
779 3333 814 3393 Β,
832 3334 933 3380 corre
1000 3322 1126 3395 aliquod·

118 3415 172 3465 que
186 3408 237 3451 Βι
248 3401 274 3469 (o
289 3416 322 3453 ec
335 3399 346 3452 i
359 3415 427 3455 corr.
443 3400 485 3467 e):
505 3396 601 3479 {aliquo
616 3407 658 3463 113
677 3396 834 3465 aliquamve
853 3409 896 3463 cy,
916 3394 1129 3479 aliquemqueo

118 3474 152 3523 25
177 3470 346 3524 extrinsecus
369 3487 403 3524 ex
424 3472 520 3523 -xeou'e
538 3477 567 3521 Β
641 3437 1127 3523 2600nsentieba1it:noneentie-

112 3541 271 3596 bantntd!
339 3540 445 3597 bellum
463 3539 589 3598 exbeilo
607 3549 634 3592 Β
704 3538 780 3593 hosti
798 3548 837 3605 Β,
856 3537 987 3603 sedda
