2408 3840
374 110 607 165 DECLAMATIO
625 111 663 164 lx
679 116 790 164 rs-ao.
1024 113 1085 177 185

72 277 202 353 paratio.
249 282 281 336 at
306 279 358 338 ille
386 280 460 338 mihi
489 280 639 355 praestitit
667 280 745 355 quod
772 299 832 338 non
860 283 971 358 rogavi.
1017 284 1085 340 utro

72 385 119 424 me
150 365 287 426 vertam?
331 372 485 444 tamquam
516 369 671 428 honestum
709 369 864 427 defendam
898 371 1010 428 factum
1047 390 1086 429 an

72 458 230 530 tamquam
260 455 477 517 necessarium?
524 458 652 516 alterum
684 458 798 517 absolvi
829 459 946 517 facilius
978 463 1084 534 potest,

73 544 201 602 alterum
226 545 343 604 laudari
364 549 569 621 rectissimum,
593 549 706 622 opinor,
736 549 871 606 veritatis
895 549 1026 606 interest.

49 651 63 693 s
137 633 234 709 Audi,
257 638 354 710 pater,
383 637 524 694 alimenta
546 637 606 694 ista
629 655 704 710 quae
728 636 838 695 donata
862 637 961 712 egenti
987 640 1084 712 putas,
1099 637 1140 692 20

75 723 181 796 quanti
208 722 255 780 illi
279 727 420 783 constent.
467 725 492 783 si
516 727 636 800 accepto
660 720 846 800 captivitatis
872 744 954 783 meae
978 727 1083 784 nuntio

72 811 163 870 nullis
182 813 318 886 precibus
337 813 489 890 adductus,
510 813 601 872 nullis
621 814 753 888 epistolis
772 818 895 873 vocatus
914 815 1084 873 adulescens

73 899 109 956 sd
123 899 312 959 liberandum
326 922 373 960 me
387 903 514 961 vinculis
532 903 697 978 piratarum
716 905 866 978 profectus
886 906 962 962 esset
976 903 1083 977 quibus

70 991 173 1047 tamen
202 991 315 1050 meritis
343 1009 510 1067 pensarem,
539 1010 606 1050 oum
629 991 660 1049 id
682 993 757 1049 mihi
784 993 982 1066 praestitisset
1005 992 1084 1066 quod

27 1096 59 1138 no
72 1096 128 1155 ego
157 1080 317 1138 tantuma
344 1082 430 1156 patre
453 1077 590 1156 speravi?
635 1082 746 1139 intrare
774 1083 882 1155 maria,
909 1081 1084 1156 praesertim

71 1167 135 1224 tam
158 1168 272 1226 recenti
289 1169 464 1228 documento
486 1169 627 1243 timenda,
651 1172 680 1229 et
697 1171 827 1228 latrones
846 1171 924 1228 ultro
944 1189 1084 1245 quaerere

72 1259 110 1329 et,
134 1275 203 1314 oum
225 1260 343 1332 praeter
364 1258 491 1316 vicarias
514 1277 620 1317 manus
642 1259 718 1316 nihil
741 1262 826 1333 esset,
849 1260 991 1336 navigare
1014 1262 1083 1318 voto

72 1345 268 1420 captivitatis,
291 1347 357 1422 quis
379 1350 480 1423 posset
503 1348 578 1406 alius
598 1367 687 1422 quam
711 1350 763 1422 qui
785 1352 907 1423 paratus
932 1350 1008 1406 esset
1030 1367 1083 1423 pro

71 1434 168 1492 amico
196 1432 293 1493 mori?
337 1456 478 1513 magnum
500 1437 555 1494 hoc
583 1456 636 1512 per
658 1456 688 1495 se
712 1455 746 1495 ac
770 1437 886 1496 saeculo
910 1440 1011 1496 nostro
1034 1438 1083 1495 vix

29 1540 58 1582 u
71 1522 226 1598 credibile,
253 1524 374 1583 iudices.
420 1525 495 1583 illud
522 1543 591 1583 vero
620 1526 699 1583 omni
728 1525 949 1600 praedicatione
979 1527 1084 1600 maius,

72 1611 109 1669 ad
131 1611 338 1671 redimendum
360 1633 407 1672 ms
430 1615 579 1689 profectus
603 1617 661 1688 est,
686 1634 751 1673 oum
774 1615 1009 1674 mendicatarum
1031 1634 1082 1690 pa-

71 1703 148 1758 trem
167 1719 254 1760 suum
272 1701 366 1760 sciret.
405 1705 509 1778 atquin
528 1721 646 1778 sperare
663 1705 782 1778 poterat
800 1705 944 1778 futurum,
968 1707 1002 1762 ut
1021 1705 1083 1763 sine

70 1790 204 1864 periculo
223 1809 275 1849 suo
294 1791 487 1851 redimeretur
504 1792 696 1851 nihilominus
717 1794 836 1868 amicus,
860 1813 926 1852 cum
945 1794 1083 1851 haberem

70 1878 196 1936 divitem
220 1881 343 1954 patrem.
390 1881 441 1939 sed
463 1882 560 1939 noluit
582 1883 681 1957 ipsum
703 1882 818 1940 itineris
842 1885 1021 1958 apparatum
1045 1885 1082 1955 et,

28 1981 107 2028 ’one
132 1986 192 2043 qua
214 1968 325 2042 periret
347 1968 558 2045 redemptionis
580 1971 662 2044 hora,
685 1989 825 2047 praeceps
849 1972 985 2029 cucurrit.
1026 1991 1080 2045 pro

69 2055 159 2114 fidem
178 2056 265 2114 deum
287 2058 506 2133 hominumque,
530 2059 776 2134 quemadmodum
796 2060 833 2117 ad
851 2060 1083 2135 redemptionem
1192 2058 1194 2062 ’

71 2145 160 2204 amici
188 2146 324 2220 festinat,
352 2149 443 2205 stiam
465 2149 549 2206 ouius
571 2152 658 2223 pater
680 2149 777 2208 lentus
801 2146 865 2206 est?
911 2148 1082 2206 Terentium

70 2254 160 2309 quem
186 2236 265 2293 inter
292 2238 403 2294 ceteros
427 2237 561 2312 captivos
590 2237 715 2296 secundo
741 2237 852 2295 Punico
879 2237 958 2295 bello
982 2235 1081 2312 Scipio

70 2323 229 2382 Africanus
253 2325 378 2383 vinculis
403 2326 579 2400 exsolverat,
602 2328 762 2384 memoriae
784 2325 933 2383 tradidere
956 2326 1083 2384 maiores

28 2411 182 2490 ainsigni
210 2416 346 2488 receptae
375 2413 536 2487 libertatis,
567 2416 657 2491 pilleo
684 2416 845 2473 testantem
871 2417 903 2472 in
930 2415 1083 2490 triumpho

70 2500 155 2559 ducis
173 2519 235 2560 esse
254 2506 449 2578 conspectum.
487 2507 517 2561 et
536 2502 588 2562 ille
607 2503 725 2579 quidem
738 2536 783 2543 -—
796 2505 917 2562 maioris
940 2506 1078 2561 moment'

69 2591 198 2648 accessio
218 2591 428 2666 —publicam
451 2595 584 2650 senserat
606 2592 793 2667 felicitatem,
816 2593 958 2668 privatim
980 2596 1080 2650 tamen

70 2677 175 2737 debere
212 2698 243 2738 se
279 2682 399 2755 putavit
430 2681 537 2740 victori
572 2681 753 2739 beneficium.
800 2682 871 2756 quid
903 2701 949 2739 me
985 2683 1081 2740 facere

69 2768 209 2826 convenit
237 2769 289 2843 qui
319 2788 372 2844 per
399 2772 494 2827 maria
525 2770 689 2829 latroniciis
721 2771 830 2829 infesta
858 2771 938 2830 solus
970 2772 1080 2845 petitus

26 2871 55 2915 ao
69 2854 157 2915 sum?
181 2857 233 2931 qui
251 2857 356 2933 lucam,
378 2858 556 2931 libertatem,
580 2859 705 2933 denique
724 2859 865 2934 quicquid
882 2861 962 2936 patri
981 2859 1080 2934 debe0,

67 2965 127 3004 non
151 2946 287 3023 ignarus,
310 2950 345 3005 ut
366 2949 462 3022 primo
485 2947 595 3006 natalis
618 2949 708 3006 horae
730 2950 876 3024 tempore,
904 2950 955 3008 sed
978 2949 1080 3007 videns

68 3104 169 3111 -----
170 3105 281 3113 ᾑ-

139 3210 156 3257 3
175 3205 219 3257 est
236 3205 330 3273 potest
353 3214 373 3256 V
437 3210 452 3257 5
472 3205 589 3259 donata:
609 3208 652 3258 -ta
670 3209 701 3259 ia
719 3224 772 3260 ras.
794 3217 810 3258 o
872 3213 887 3260 6
907 3208 1015 3260 constet
1032 3215 1085 3258 BV

69 3275 257 3329 tadvocatus
281 3285 314 3340 Va
386 3276 557 3329 11reeti11
610 3283 642 3330 21
664 3277 894 3344 hominemquea
965 3283 999 3330 23
1018 3277 1079 3346 spio

67 3355 104 3413 Ι,
124 3346 151 3400 ci
168 3364 244 3416 supr.
258 3368 290 3399 m
358 3352 392 3400 24
412 3346 654 3417 athi-{africanus
677 3358 707 3414 νς
727 3348 876 3402 affricanus
895 3359 922 3401 Ρ
992 3348 1080 3402 exsol-

66 3432 162 3471 veram
180 3424 213 3470 Μ
263 3423 297 3470 25
315 3417 478 3488 insigne...
490 3420 648 3488 gestantem
667 3421 722 3472 Bu.
780 3425 812 3472 27
833 3420 967 3473 accessio:
988 3436 1079 3473 acces-

67 3488 146 3543 sione
168 3497 232 3553 ma
303 3494 337 3543 28
355 3489 455 3543 victori
474 3501 501 3543 e:
522 3490 656 3546 victoriae
676 3513 699 3546 ω
772 3497 807 3548 22
828 3491 908 3548 solus
927 3509 982 3548 om.
994 3501 1016 3543 a
