2408 3840
342 124 344 128 ⁴
392 139 625 199 Dncunufflo
644 141 658 196 1
676 147 753 197 e-e.
1058 143 1078 207 9

69 331 151 372 amor
174 314 223 372 cui
244 311 418 372 renuntiant
442 313 527 370 oculi.
553 329 667 390 caecus
690 311 794 370 infelix
816 314 933 388 patrem
951 309 1079 371 occidit?

70 401 172 461 deinde
196 401 245 461 cui
266 420 390 460 manum
411 401 544 478 porriget
562 398 711 460 securior?
735 403 817 459 cuius
836 401 967 460 humeris
985 401 1081 461 levior

70 488 241 551 incumbet?
273 490 340 566 quis
364 490 556 549 contumelias
580 508 732 550 servorum
752 489 912 567 castigabit
929 488 1081 550 severius?

68 580 135 656 quis
163 579 367 639 calamitatem
393 583 457 638 tam
490 578 648 639 obnoxiam
678 579 792 637 maiore
820 581 986 638 reverentia
1012 598 1080 654 pro·

37 688 46 728 ι
67 667 172 747 teget?
217 669 297 727 inter
319 668 419 727 felices
442 668 518 727 alius
542 670 588 728 est
610 667 682 727 ordo
705 670 852 743 votorum,
876 686 978 727 caecus
1000 668 1080 729 filius
1136 719 1138 722 ,

67 761 154 837 optat
178 758 369 834 superstitem
391 759 514 832 patrem.

133 846 213 907 Volo
240 864 319 904 nunc
346 845 419 905 scire
443 845 691 922 quemadmodum
714 845 795 904 dicat
822 846 994 922 explicitum
1016 849 1079 905 tam
1099 846 1133 912 7,

67 935 192 996 difficile
214 936 337 995 facinus.
383 953 485 995 caecus
508 934 701 1010 parricidium
724 932 888 1012 cogitavit?
911 953 978 994 cum
1001 932 1081 1011 quo?

68 1026 153 1085 cuius
178 1044 208 1084 se
232 1024 380 1084 commisit
402 1021 517 1083 oculis?
538 1023 645 1083 iturus
657 1043 712 1100 per
733 1024 854 1083 domum
875 1025 972 1082 totam
994 1043 1082 1099 quem

36 1115 175 1175 inducam
198 1111 309 1190 elegit?
345 1112 396 1171 ille
421 1114 473 1189 qui
495 1113 613 1172 eratin
636 1112 770 1172 cubiculo
790 1131 842 1173 suo
861 1112 951 1188 solus,
974 1131 1081 1187 secum,

69 1205 185 1280 opinor,
212 1221 311 1262 secum
334 1201 487 1261 deliberat.
533 1201 643 1261 sufficit
666 1201 736 1276 sibi,
764 1220 830 1260 cum
852 1202 970 1260 homine
996 1221 1081 1278 expe·

69 1293 218 1352 ditissimo
240 1292 380 1367 loquitur.
418 1311 470 1351 cur
492 1291 571 1350 enim
589 1291 702 1351 socium
720 1291 917 1350 conscientiae
935 1288 1082 1366 quaerat?

69 1382 171 1441 omnia
189 1383 289 1458 potest
307 1381 389 1440 scire.
426 1375 566 1457 primum,
589 1399 648 1438 nox
666 1378 784 1456 quando
803 1380 850 1440 sit.
888 1378 993 1438 deinde
1013 1399 1080 1456 pro-

69 1472 184 1549 spicere
203 1469 339 1543 solh’oite,
353 1488 391 1528 an
410 1471 505 1529 omnis
523 1469 640 1527 familia
658 1469 793 1528 dormiat.
826 1468 922 1545 gradu
940 1487 1081 1544 suspenso

36 1577 57 1620 u
69 1578 181 1638 ponere
213 1560 294 1619 certa
320 1559 449 1636 vestigia
481 1560 511 1617 et
536 1558 569 1616 in
601 1576 718 1617 omnem
747 1559 863 1616 timoris
893 1557 939 1617 sui
965 1560 1082 1633 partem

70 1648 233 1708 sollicitum
248 1648 444 1725 circumagere
457 1647 583 1707 vultum.
616 1666 633 1706 o
653 1666 742 1722 quam
760 1665 867 1722 parum
887 1647 982 1705 estin
999 1649 1082 1705 metu

69 1741 151 1815 ipsos
171 1736 263 1795 etiam
280 1737 380 1796 oculos
397 1736 519 1796 habere!
549 1738 593 1794 ita
609 1754 670 1795 non
688 1735 744 1794 iste
763 1736 820 1794 sibi
838 1736 927 1794 dixit:
951 1735 1082 1795 occidere

70 1827 193 1902 quidem
224 1827 341 1901 patrem
367 1826 449 1900 volo,
480 1824 532 1885 sed
563 1845 652 1901 quem
683 1828 844 1901 sequentur
871 1825 928 1884 hae
956 1822 1083 1883 manus?

70 1916 166 1975 Nocte
190 1915 269 1974 solus
292 1915 437 1991 egrediar,
464 1915 516 1974 sed
539 1913 658 1990 quando
681 1911 874 1991 perveniam?
918 1917 1005 1990 putes
1028 1932 1082 1972 nos

36 2005 182 2064 seiunctis
203 2003 339 2063 habitare
362 2001 536 2063 liminibus?
563 2003 667 2062 domus
688 2002 767 2062 inter
788 2007 905 2081 patrem
928 2003 1083 2079 filiumque

69 2093 179 2153 media.
216 2096 360 2168 quantum
383 2095 499 2166 erroris,
523 2094 667 2168 quantum
689 2093 801 2152 morae!
825 2093 956 2168 spatium
978 2093 1083 2170 ingens

71 2186 101 2243 et
128 2181 181 2242 vix
207 2182 396 2241 metiendum.
443 2182 571 2240 caecitas
597 2182 781 2257 inconsulta,
810 2181 882 2257 quid
905 2178 990 2258 agIs?
1025 2199 1084 2240 nox

71 2273 142 2331 ante
166 2269 289 2330 deficiet.
335 2270 406 2348 quid
430 2273 456 2329 si
479 2270 585 2328 deinde
608 2273 732 2346 uterque
755 2267 971 2347 vigilaverint?
1012 2268 1084 2344 quid

71 2363 97 2420 si
121 2357 269 2420 noverca?
314 2378 379 2437 age,
401 2360 493 2418 limen
514 2360 674 2434 inveniam,
697 2358 847 2418 cardinem
871 2359 934 2417 sine
957 2357 1086 2434 strepitu

36 2467 59 2510 u
71 2447 206 2524 movebo,
229 2449 402 2508 dormientis
421 2448 588 2507 cubiculum
610 2447 738 2524 intrabo,
762 2449 960 2524 quiescentem
978 2448 1085 2505 feriam

71 2540 203 2616 patrem,
229 2537 321 2597 semel
348 2539 421 2597 satis
450 2537 520 2613 erit,
547 2550 601 2596 nec
627 2555 755 2597 noverca
782 2536 934 2613 vigilabit,
967 2553 1085 2594 securus

73 2624 232 2706 egrediar?
254 2628 364 2686 sciente
381 2627 465 2685 nullo
483 2625 635 2687 revertar?
671 2629 742 2686 vota
764 2628 834 2685 sunt
856 2627 924 2700 ista,
948 2625 999 2683 sed
1018 2642 1086 2683 ocu-

72 2717 179 2776 lorum.
225 2734 327 2775 caecus
356 2716 540 2793 desperaret,
567 2715 685 2775 etiamsi
709 2718 773 2774 tam
794 2715 891 2774 multa
912 2734 971 2773 nox
997 2714 1086 2790 polli-

38 2915 61 2955 ιι
74 2807 205 2953 eemllbb
232 2894 296 2952 loco
325 2912 467 2969 quaeram
493 2911 610 2953 necesse
638 2896 682 2953 est
709 2911 785 2968 quaa
812 2893 890 2950 ratio
917 2892 1021 2965 fuerit,
1050 2888 1122 2950 ut8

147 3099 257 3154 loculi
274 3116 349 3169 supr.
365 3108 393 3152 Β
454 3114 564 3153 caecus:
583 3086 683 3152 caecus
698 3099 793 3152 autem
812 3106 844 3150 Β
902 3095 1088 3164 tcastigavit

73 3181 133 3226 ΒΜ
149 3174 228 3242 (corr.
242 3173 284 3240 m)
356 3177 373 3225 4
396 3169 513 3225 maiore:
537 3169 612 3223 maio
628 3178 672 3223 Β,
727 3175 743 3223 t
761 3170 900 3223 votorum:
925 3169 1054 3221 notorum
1073 3179 1088 3230 c

74 3249 103 3314 (u
122 3261 162 3297 aa
178 3261 199 3296 n
217 3241 334 3295 dubium
352 3243 383 3311 s)
455 3240 625 3312 dsuptitem
647 3249 669 3292 V
737 3239 887 3294 adiffioile
905 3256 938 3292 ex
956 3238 989 3290 -li
1008 3247 1036 3291 Β

76 3320 109 3368 10
128 3330 235 3369 secum:
256 3313 329 3367 sicut
347 3325 374 3379 βς
392 3314 425 3366 ut
442 3313 593 3368 Parisinus
611 3316 685 3366 1618
744 3328 819 3364 cum:
839 3327 874 3363 cu
891 3318 920 3362 Β
982 3314 1015 3363 13
1035 3307 1088 3374 soit

74 3395 126 3439 ΒΥ
214 3390 247 3439 14
270 3384 375 3455 gradus
393 3392 452 3437 ΒΜ
545 3387 578 3436 17
601 3382 663 3452 ipso
683 3391 735 3435 ΒΥ
822 3386 854 3434 19
877 3383 962 3450 putas
986 3393 1017 3444 βγ

75 3463 109 3512 22
133 3455 208 3527 agis:
233 3455 274 3510 ais
294 3464 326 3509 Β
395 3460 428 3508 23
449 3455 492 3526 si}
510 3456 532 3527 (t
550 3456 597 3524 er.)
612 3463 646 3507 Β
713 3452 878 3527 vigilaverit
896 3462 918 3507 v
989 3457 1032 3506 uu
1048 3466 1103 3503 uo·

75 3544 155 3584 verce
174 3536 226 3582 BV
293 3532 326 3580 2⁶
340 3527 498 3594 parternV
565 3527 699 3601 vigilavit
718 3539 745 3586 Β
790 3563 804 3601 .
