2408 3840
277 885 317 959 B.
349 883 601 958 EXOERPTA
623 884 862 959 PARISINA.

132 1063 207 1123 Ourn
224 1067 256 1124 in
275 1085 309 1125 ea
327 1069 474 1124 terrarum
491 1069 586 1143 parte,
603 1068 636 1125 in
654 1085 713 1142 qua
731 1068 888 1125 minimum
906 1067 993 1142 ratio,
1010 1067 1076 1142 plu-

61 1155 173 1213 rimum
196 1155 335 1214 voluntas
357 1155 448 1228 valet,
471 1155 642 1214 discretioni
658 1173 764 1214 vacare
782 1156 917 1215 intendas
940 1174 993 1215 neo
1016 1159 1076 1232 pri-

63 1262 129 1302 mos
152 1245 184 1301 in
207 1243 418 1304 deliberatione
436 1244 593 1303 verborum
613 1245 750 1319 impetus,
774 1243 825 1303 sed
843 1247 986 1304 extremos
1010 1264 1076 1304 exa·

64 1335 179 1392 minato
209 1333 339 1392 themate
366 1334 508 1392 terminos
535 1333 708 1393 concludere
736 1334 867 1407 affectes,
898 1334 930 1392 id
959 1334 1078 1409 quidem

65 1425 129 1482 sive
152 1440 170 1479 a
193 1423 302 1480 natura
330 1422 425 1500 regali
450 1423 548 1481 nescio
578 1424 639 1482 sive
667 1441 685 1480 a
712 1423 823 1481 virtute
852 1423 993 1481 rationali
1020 1423 1079 1482 tibi

65 1511 196 1570 inditum
224 1513 280 1569 est:
310 1510 445 1569 doctrina
474 1515 574 1569 tamen
597 1529 662 1569 meo
693 1511 803 1570 iudicio
832 1513 1001 1589 augendum
1024 1516 1077 1574 est.

66 1617 170 1659 causas
197 1599 299 1674 itaque
327 1618 401 1674 quas
430 1619 448 1658 a
475 1598 659 1669 Quintiliano
688 1602 833 1660 tractatas
855 1604 984 1677 repperi,
1011 1621 1078 1661 meo

65 1708 147 1747 mere
175 1688 381 1748 declamandas
408 1687 465 1746 tibi
491 1689 597 1767 legavi.
639 1689 746 1765 quibus
774 1691 799 1748 si
826 1690 871 1748 uti
894 1691 1024 1759 libuerit,
1049 1693 1078 1750 et

66 1777 104 1836 ad
132 1777 368 1852 persuadendum
397 1778 513 1836 acutior
542 1780 572 1837 et
599 1778 638 1836 ad
666 1779 858 1837 iudicandum
880 1773 1079 1858 <im>pigri0r

66 1866 210 1925 efficieris.
256 1865 333 1924 illud
360 1868 461 1925 tamen
490 1885 683 1942 praemoneo,
713 1871 783 1943 quia
810 1887 870 1927 non
898 1887 996 1927 ramos
1027 1867 1078 1927 sed

66 1954 182 2014 radices
204 1954 261 2014 tibi
284 1955 468 2013 commendo:
496 1958 675 2033 propagines
699 1959 778 2015 enim
799 1959 919 2035 ingenio
942 1959 994 2015 tuo
1018 1975 1078 2015 cre-

67 2043 178 2102 dendas
202 2062 264 2102 esse
286 2044 393 2103 iudice.
436 2045 510 2103 vale.

359 2239 381 2298 Ι.
405 2239 443 2298 Π.
469 2239 590 2300 Oinous
613 2258 645 2298 1u
667 2258 781 2299 numu.

68 2363 112 2421 Ex
134 2362 270 2423 incendio
293 2363 397 2423 domus
424 2364 594 2424 adolescens
620 2368 737 2440 patrem
765 2365 878 2424 extrrlit.
925 2365 995 2425 dum
1018 2386 1078 2424 ma·

110 2456 188 2511 trem
216 2455 349 2529 repetiit,
379 2455 409 2512 et
435 2454 531 2529 ipsam
562 2458 592 2513 et
619 2455 719 2513 oculos
747 2455 856 2514 amisit.
906 2454 1024 2514 induxit
1052 2456 1080 2514 ei

110 2543 198 2619 pater
224 2560 389 2602 novercam.
435 2544 507 2602 haec
535 2562 565 2602 se
587 2545 694 2602 incesti
721 2563 739 2602 a
767 2563 852 2603 caeco
876 2543 978 2619 appeti
999 2545 1080 2620 patri

110 2632 252 2705 insinuat,
275 2650 421 2689 venenum
439 2633 530 2690 etiarn
547 2632 594 2690 illi
612 2633 713 2707 parari
731 2632 811 2708 quod
828 2633 943 2692 iuvenis
962 2632 993 2690 in
1013 2634 1079 2692 sinu
1170 2637 1173 2643 '

111 2719 246 2794 haberet,
269 2719 326 2780 sibi
349 2720 503 2779 dimidiam
526 2721 670 2780 bonorum
692 2723 809 2799 partem
831 2722 1020 2797 promissam,
1046 2724 1080 2780 ut

111 2810 255 2885 porrigat.
305 2810 432 2869 intravit
469 2810 508 2868 ad
542 2828 662 2869 caecum
699 2812 793 2886 pater.
844 2812 1009 2888 interrogat
1041 2829 1080 2868 an

112 2915 182 2957 vera
201 2898 268 2957 sint.
309 2898 360 2956 ille
379 2901 478 2976 neget.
515 2899 645 2976 exquirit
660 2900 827 2975 reperitque
842 2900 975 2958 insutum
993 2918 1080 2958 vene-

112 3006 192 3044 num.
233 2988 352 3061 quaerit
380 2988 427 3046 cui
454 2991 596 3063 parasset.
642 2989 694 3046 ille
721 2991 809 3047 tacet.
855 2989 967 3047 recedit
992 2991 1080 3064 pater

140 3179 154 3226 1
178 3174 287 3228 Titulus
300 3173 372 3228 deest
384 3175 417 3227 ia
425 3183 511 3242 Μὴ
525 3172 610 3228 Marti
624 3173 694 3244 fabij
711 3175 875 3244 quintiliani
890 3175 1078 3246 calaguritani

67 3260 100 3298 ex
123 3245 255 3314 hispania
278 3243 496 3298 declamationes
517 3244 658 3315 incipiunt
679 3245 802 3301 feliciter
819 3257 848 3301 Β
928 3247 1083 3314 iactatam

66 3316 237 3370 dedicatoria
254 3318 341 3371 solum
359 3322 448 3371 exstat
464 3317 496 3370 ira
514 3326 542 3370 P
615 3321 649 3373 td
667 3317 822 3391 impigrior
841 3320 884 3374 H.
954 3321 993 3368 ia
1004 3316 1104 3366 nono-

58 3404 125 3464 rum
141 3402 190 3439 orn.
204 3395 236 3439 a
301 3391 337 3439 20
353 3389 484 3458 rogatu
555 3397 590 3448 21
609 3392 808 3465 repperimuc
823 3399 904 3446 {WB
971 3383 1130 3438 inanum.

55 3470 80 3503 m
98 3470 162 3505 ema
179 3463 211 3507 le
281 3462 318 3510 22
337 3466 528 3531 conparasaet
551 3476 583 3524 R
