<?xml version="1.0" encoding="UTF-8"?>
<!DOCTYPE html PUBLIC "-//W3C//DTD XHTML 1.0 Transitional//EN"
    "http://www.w3.org/TR/xhtml1/DTD/xhtml1-transitional.dtd">
<html xmlns="http://www.w3.org/1999/xhtml" xml:lang="en" lang="en">
 <head>
  <title>
</title>
<meta http-equiv="Content-Type" content="text/html;charset=utf-8" />
  <meta name='ocr-system' content='tesseract 3.04.00' />
  <meta name='ocr-capabilities' content='ocr_page ocr_carea ocr_par ocr_line ocrx_word'/>
</head>
<body>
  <div class='ocr_page' id='page_1' title='image "./qvintilianiqvae01quingoog_0089.png"; bbox 0 0 2408 3840; ppageno 0'>
   <div class='ocr_carea' id='block_1_1' title="bbox 133 165 796 232">
    <p class='ocr_par' dir='ltr' id='par_1_1' title="bbox 133 165 796 232">
     <span class='ocr_line' id='line_1_1' title="bbox 133 165 796 232; baseline 0.003 -14"><span class='ocrx_word' id='word_1_1' title='bbox 133 167 177 232; x_wconf 83' lang='lat'><strong>54</strong></span> <span class='ocrx_word' id='word_1_2' title='bbox 479 166 587 220; x_wconf 83' lang='lat' dir='ltr'><strong>unns</strong></span> <span class='ocrx_word' id='word_1_3' title='bbox 605 165 796 220; x_wconf 73' lang='lat' dir='ltr'><strong>Munianus</strong></span> 
     </span>
    </p>
   </div>
   <div class='ocr_carea' id='block_1_2' title="bbox 80 333 1181 2371">
    <p class='ocr_par' dir='ltr' id='par_1_2' title="bbox 80 333 1181 2371">
     <span class='ocr_line' id='line_1_2' title="bbox 133 333 1142 412; baseline 0 -16"><span class='ocrx_word' id='word_1_4' title='bbox 133 336 254 396; x_wconf 89' lang='lat' dir='ltr'><strong>strensis</strong></span> <span class='ocrx_word' id='word_1_5' title='bbox 282 334 456 410; x_wconf 84' lang='lat' dir='ltr'><strong>disciplinae</strong></span> <span class='ocrx_word' id='word_1_6' title='bbox 485 337 647 412; x_wconf 77' lang='lat' dir='ltr'>praecipiet</span> <span class='ocrx_word' id='word_1_7' title='bbox 674 333 884 396; x_wconf 77' lang='lat' dir='ltr'><strong>severitatem?</strong></span> <span class='ocrx_word' id='word_1_8' title='bbox 929 338 997 412; x_wconf 85' lang='lat' dir='ltr'><strong>quis</strong></span> <span class='ocrx_word' id='word_1_9' title='bbox 1020 338 1065 410; x_wconf 85' lang='lat' dir='ltr'><strong>te,</strong></span> <span class='ocrx_word' id='word_1_10' title='bbox 1090 337 1142 395; x_wconf 86' lang='lat' dir='ltr'><strong>im·</strong></span> 
     </span>
     <span class='ocr_line' id='line_1_3' title="bbox 132 423 1142 500; baseline -0.001 -17"><span class='ocrx_word' id='word_1_11' title='bbox 132 427 260 500; x_wconf 84' lang='lat' dir='ltr'><strong>perator,</strong></span> <span class='ocrx_word' id='word_1_12' title='bbox 279 424 440 482; x_wconf 82' lang='lat' dir='ltr'><strong>maioribus</strong></span> <span class='ocrx_word' id='word_1_13' title='bbox 459 426 537 484; x_wconf 88' lang='lat' dir='ltr'><strong>curis</strong></span> <span class='ocrx_word' id='word_1_14' title='bbox 551 425 686 484; x_wconf 82' lang='lat' dir='ltr'><strong>districto</strong></span> <span class='ocrx_word' id='word_1_15' title='bbox 701 424 810 484; x_wconf 88' lang='lat' dir='ltr'><strong>delicta</strong></span> <span class='ocrx_word' id='word_1_16' title='bbox 828 425 962 484; x_wconf 91' lang='lat' dir='ltr'><strong>militum</strong></span> <span class='ocrx_word' id='word_1_17' title='bbox 977 423 1142 484; x_wconf 68' lang='lat' dir='ltr'><strong>coercebit?</strong></span> 
     </span>
     <span class='ocr_line' id='line_1_4' title="bbox 131 511 1142 592; baseline -0.001 -20"><span class='ocrx_word' id='word_1_18' title='bbox 131 514 245 572; x_wconf 90' lang='lat' dir='ltr'><strong>tribuni</strong></span> <span class='ocrx_word' id='word_1_19' title='bbox 269 531 373 589; x_wconf 91' lang='lat' dir='ltr'><strong>corpus</strong></span> <span class='ocrx_word' id='word_1_20' title='bbox 397 515 427 572; x_wconf 92' lang='lat' dir='ltr'><strong>et</strong></span> <span class='ocrx_word' id='word_1_21' title='bbox 450 517 572 588; x_wconf 81' lang='lat' dir='ltr'><strong>peccata</strong></span> <span class='ocrx_word' id='word_1_22' title='bbox 596 512 745 592; x_wconf 77' lang='lat' dir='ltr'><strong>corriget?</strong></span> <span class='ocrx_word' id='word_1_23' title='bbox 777 513 816 572; x_wconf 91' lang='lat' dir='ltr'><strong>ad</strong></span> <span class='ocrx_word' id='word_1_24' title='bbox 839 533 928 590; x_wconf 87' lang='lat' dir='ltr'><strong>quem</strong></span> <span class='ocrx_word' id='word_1_25' title='bbox 951 511 1142 592; x_wconf 76' lang='lat' dir='ltr'><strong>confugiam?</strong></span> 
     </span>
     <span class='ocr_line' id='line_1_5' title="bbox 133 600 1141 678; baseline 0.002 -18"><span class='ocrx_word' id='word_1_26' title='bbox 133 604 181 660; x_wconf 89' lang='lat' dir='ltr'><strong>cui</strong></span> <span class='ocrx_word' id='word_1_27' title='bbox 203 600 331 678; x_wconf 79' lang='lat' dir='ltr'><strong>querar?</strong></span> <span class='ocrx_word' id='word_1_28' title='bbox 377 603 419 661; x_wconf 92' lang='lat' dir='ltr'><strong>sic</strong></span> <span class='ocrx_word' id='word_1_29' title='bbox 441 601 484 676; x_wconf 86' lang='lat' dir='ltr'><strong>fit,</strong></span> <span class='ocrx_word' id='word_1_30' title='bbox 508 605 542 660; x_wconf 89' lang='lat' dir='ltr'><strong>ut</strong></span> <span class='ocrx_word' id='word_1_31' title='bbox 564 622 681 662; x_wconf 88' lang='lat' dir='ltr'><strong>necesse</strong></span> <span class='ocrx_word' id='word_1_32' title='bbox 703 602 864 662; x_wconf 80' lang='lat' dir='ltr'>habeamus</span> <span class='ocrx_word' id='word_1_33' title='bbox 887 604 948 678; x_wconf 85' lang='lat' dir='ltr'><strong>ipsi</strong></span> <span class='ocrx_word' id='word_1_34' title='bbox 970 622 1025 663; x_wconf 88' lang='lat' dir='ltr'><strong>nos</strong></span> <span class='ocrx_word' id='word_1_35' title='bbox 1048 603 1141 662; x_wconf 80' lang='lat' dir='ltr'><strong>vindi·</strong></span> 
     </span>
     <span class='ocr_line' id='line_1_6' title="bbox 133 691 1171 766; baseline 0 -17"><span class='ocrx_word' id='word_1_36' title='bbox 133 710 206 749; x_wconf 86' lang='lat' dir='ltr'><strong>cere.</strong></span> <span class='ocrx_word' id='word_1_37' title='bbox 239 691 376 750; x_wconf 81' lang='lat' dir='ltr'><strong>tribunus</strong></span> <span class='ocrx_word' id='word_1_38' title='bbox 394 692 466 765; x_wconf 83' lang='lat' dir='ltr'><strong>fuit3</strong></span> <span class='ocrx_word' id='word_1_39' title='bbox 490 694 520 750; x_wconf 87' lang='lat' dir='ltr'><strong>et</strong></span> <span class='ocrx_word' id='word_1_40' title='bbox 537 692 586 750; x_wconf 91' lang='lat' dir='ltr'><strong>hic</strong></span> <span class='ocrx_word' id='word_1_41' title='bbox 604 692 697 751; x_wconf 90' lang='lat' dir='ltr'><strong>miles.</strong></span> <span class='ocrx_word' id='word_1_42' title='bbox 730 693 790 750; x_wconf 87' lang='lat' dir='ltr'><strong>fuit</strong></span> <span class='ocrx_word' id='word_1_43' title='bbox 807 692 954 752; x_wconf 79' lang='lat' dir='ltr'><strong>tribunus.</strong></span> <span class='ocrx_word' id='word_1_44' title='bbox 986 692 1045 752; x_wconf 92' lang='lat' dir='ltr'><strong>hoc</strong></span> <span class='ocrx_word' id='word_1_45' title='bbox 1063 693 1171 766; x_wconf 66' lang='lat' dir='ltr'><strong>dicier</strong></span> 
     </span>
     <span class='ocr_line' id='line_1_7' title="bbox 132 781 1140 858; baseline 0.001 -19"><span class='ocrx_word' id='word_1_46' title='bbox 132 782 180 839; x_wconf 91' lang='lat' dir='ltr'><strong>cui</strong></span> <span class='ocrx_word' id='word_1_47' title='bbox 202 799 306 856; x_wconf 87' lang='lat' dir='ltr'><strong>parere</strong></span> <span class='ocrx_word' id='word_1_48' title='bbox 330 781 493 858; x_wconf 82' lang='lat' dir='ltr'><strong>caligatum</strong></span> <span class='ocrx_word' id='word_1_49' title='bbox 520 781 568 838; x_wconf 85' lang='lat' dir='ltr'><strong>lex</strong></span> <span class='ocrx_word' id='word_1_50' title='bbox 590 782 674 840; x_wconf 87' lang='lat' dir='ltr'><strong>iubet</strong></span> <span class='ocrx_word' id='word_1_51' title='bbox 696 782 749 856; x_wconf 89' lang='lat' dir='ltr'><strong>qui</strong></span> <span class='ocrx_word' id='word_1_52' title='bbox 775 800 835 839; x_wconf 88' lang='lat' dir='ltr'><strong>non</strong></span> <span class='ocrx_word' id='word_1_53' title='bbox 864 781 962 840; x_wconf 85' lang='lat' dir='ltr'><strong>solum</strong></span> <span class='ocrx_word' id='word_1_54' title='bbox 988 781 1140 854; x_wconf 76' lang='lat' dir='ltr'><strong>militibus,</strong></span> 
     </span>
     <span class='ocr_line' id='line_1_8' title="bbox 132 869 1140 946; baseline 0 -17"><span class='ocrx_word' id='word_1_55' title='bbox 132 871 183 929; x_wconf 93' lang='lat' dir='ltr'><strong>sed</strong></span> <span class='ocrx_word' id='word_1_56' title='bbox 197 869 417 929; x_wconf 72' lang='lat' dir='ltr'><strong>centurionibus</strong></span> <span class='ocrx_word' id='word_1_57' title='bbox 430 871 618 944; x_wconf 88' lang='lat' dir='ltr'><strong>praepositus</strong></span> <span class='ocrx_word' id='word_1_58' title='bbox 637 873 753 946; x_wconf 80' lang='lat' dir='ltr'><strong>partem</strong></span> <span class='ocrx_word' id='word_1_59' title='bbox 767 870 917 946; x_wconf 87' lang='lat' dir='ltr'><strong>quandam</strong></span> <span class='ocrx_word' id='word_1_60' title='bbox 931 871 1140 946; x_wconf 77' lang='lat' dir='ltr'><strong>imperatoriae</strong></span> 
     </span>
     <span class='ocr_line' id='line_1_9' title="bbox 131 958 1140 1035; baseline 0 -17"><span class='ocrx_word' id='word_1_61' title='bbox 131 961 289 1034; x_wconf 82' lang='lat' dir='ltr'><strong>potestatis</strong></span> <span class='ocrx_word' id='word_1_62' title='bbox 313 958 435 1018; x_wconf 88' lang='lat' dir='ltr'><strong>obtinet.</strong></span> <span class='ocrx_word' id='word_1_63' title='bbox 481 960 534 1032; x_wconf 87' lang='lat' dir='ltr'><strong>ita,</strong></span> <span class='ocrx_word' id='word_1_64' title='bbox 558 961 671 1035; x_wconf 89' lang='lat' dir='ltr'><strong>opinor,</strong></span> <span class='ocrx_word' id='word_1_65' title='bbox 698 961 802 1018; x_wconf 88' lang='lat' dir='ltr'><strong>contra</strong></span> <span class='ocrx_word' id='word_1_66' title='bbox 823 961 891 1016; x_wconf 87' lang='lat' dir='ltr'><strong>iura</strong></span> <span class='ocrx_word' id='word_1_67' title='bbox 913 962 1082 1020; x_wconf 81' lang='lat' dir='ltr'><strong>castrorum</strong></span> <span class='ocrx_word' id='word_1_68' title='bbox 1102 960 1140 1018; x_wconf 85' lang='lat' dir='ltr'><strong>fe·</strong></span> 
     </span>
     <span class='ocr_line' id='line_1_10' title="bbox 132 1049 1139 1126; baseline 0.003 -20"><span class='ocrx_word' id='word_1_69' title='bbox 132 1051 214 1106; x_wconf 84' lang='lat' dir='ltr'><strong>cerat</strong></span> <span class='ocrx_word' id='word_1_70' title='bbox 236 1049 330 1121; x_wconf 90' lang='lat' dir='ltr'><strong>miles,</strong></span> <span class='ocrx_word' id='word_1_71' title='bbox 355 1049 446 1106; x_wconf 84' lang='lat' dir='ltr'><strong>etiem</strong></span> <span class='ocrx_word' id='word_1_72' title='bbox 469 1049 636 1108; x_wconf 87' lang='lat' dir='ltr'><strong>sitantum</strong></span> <span class='ocrx_word' id='word_1_73' title='bbox 659 1050 803 1126; x_wconf 85' lang='lat' dir='ltr'><strong>negasset.</strong></span> <span class='ocrx_word' id='word_1_74' title='bbox 840 1049 935 1107; x_wconf 86' lang='lat' dir='ltr'><strong>nescit</strong></span> <span class='ocrx_word' id='word_1_75' title='bbox 953 1049 1035 1125; x_wconf 91' lang='lat' dir='ltr'><strong>quod</strong></span> <span class='ocrx_word' id='word_1_76' title='bbox 1057 1050 1139 1109; x_wconf 88' lang='lat' dir='ltr'><strong>istius</strong></span> 
     </span>
     <span class='ocr_line' id='line_1_11' title="bbox 132 1137 1169 1216; baseline -0.002 -22"><span class='ocrx_word' id='word_1_77' title='bbox 132 1137 251 1195; x_wconf 87' lang='lat' dir='ltr'><strong>honoris</strong></span> <span class='ocrx_word' id='word_1_78' title='bbox 275 1137 438 1214; x_wconf 83' lang='lat' dir='ltr'><strong>festigium,</strong></span> <span class='ocrx_word' id='word_1_79' title='bbox 462 1155 538 1213; x_wconf 84' lang='lat' dir='ltr'><strong>quae</strong></span> <span class='ocrx_word' id='word_1_80' title='bbox 561 1140 692 1213; x_wconf 83' lang='lat' dir='ltr'><strong>potestas</strong></span> <span class='ocrx_word' id='word_1_81' title='bbox 716 1137 841 1196; x_wconf 82' lang='lat' dir='ltr'><strong>ordinis:</strong></span> <span class='ocrx_word' id='word_1_82' title='bbox 865 1138 924 1196; x_wconf 79' lang='lat' dir='ltr'><strong>tiro</strong></span> <span class='ocrx_word' id='word_1_83' title='bbox 947 1140 1001 1197; x_wconf 86' lang='lat' dir='ltr'><strong>est.</strong></span> <span class='ocrx_word' id='word_1_84' title='bbox 1041 1157 1095 1216; x_wconf 83' lang='lat' dir='ltr'><strong>age</strong></span> <span class='ocrx_word' id='word_1_85' title='bbox 1116 1139 1169 1197; x_wconf 87' lang='grc'>1111</span> 
     </span>
     <span class='ocr_line' id='line_1_12' title="bbox 132 1224 1138 1301; baseline 0.003 -18"><span class='ocrx_word' id='word_1_86' title='bbox 132 1224 171 1283; x_wconf 83' lang='lat' dir='ltr'><strong>ad</strong></span> <span class='ocrx_word' id='word_1_87' title='bbox 188 1228 227 1298; x_wconf 89' lang='lat' dir='ltr'><strong>te,</strong></span> <span class='ocrx_word' id='word_1_88' title='bbox 243 1224 272 1283; x_wconf 79' lang='lat' dir='ltr'><strong>d.</strong></span> <span class='ocrx_word' id='word_1_89' title='bbox 287 1225 373 1299; x_wconf 86' lang='lat' dir='ltr'><strong>Meri,</strong></span> <span class='ocrx_word' id='word_1_90' title='bbox 393 1226 501 1301; x_wconf 81' lang='lat' dir='ltr'><strong>uliquis</strong></span> <span class='ocrx_word' id='word_1_91' title='bbox 519 1227 703 1301; x_wconf 89' lang='lat' dir='ltr'><strong>impudicum</strong></span> <span class='ocrx_word' id='word_1_92' title='bbox 722 1227 849 1285; x_wconf 87' lang='lat' dir='ltr'><strong>militem</strong></span> <span class='ocrx_word' id='word_1_93' title='bbox 867 1225 1034 1301; x_wconf 82' lang='lat' dir='ltr'><strong>detulisset,</strong></span> <span class='ocrx_word' id='word_1_94' title='bbox 1052 1229 1138 1286; x_wconf 80' lang='lat' dir='ltr'><strong>lenas</strong></span> 
     </span>
     <span class='ocr_line' id='line_1_13' title="bbox 132 1308 1138 1392; baseline 0.002 -20"><span class='ocrx_word' id='word_1_95' title='bbox 132 1313 291 1372; x_wconf 84' lang='lat' dir='ltr'><strong>dicentem:</strong></span> <span class='ocrx_word' id='word_1_96' title='bbox 320 1308 468 1373; x_wconf 76' lang='lat' dir='ltr'><strong>‘tribunus</strong></span> <span class='ocrx_word' id='word_1_97' title='bbox 496 1335 543 1374; x_wconf 88' lang='lat' dir='ltr'><strong>me</strong></span> <span class='ocrx_word' id='word_1_98' title='bbox 569 1309 689 1374; x_wconf 80' lang='lat' dir='ltr'><strong>iussit’?</strong></span> <span class='ocrx_word' id='word_1_99' title='bbox 734 1315 813 1392; x_wconf 94' lang='lat' dir='ltr'><strong>quod</strong></span> <span class='ocrx_word' id='word_1_100' title='bbox 836 1317 939 1390; x_wconf 78' lang='lat' dir='ltr'><strong>siper</strong></span> <span class='ocrx_word' id='word_1_101' title='bbox 961 1317 994 1373; x_wconf 90' lang='grc'><strong>11</strong></span> <span class='ocrx_word' id='word_1_102' title='bbox 1018 1318 1138 1392; x_wconf 78' lang='lat' dir='ltr'><strong>utraque</strong></span> 
     </span>
     <span class='ocr_line' id='line_1_14' title="bbox 132 1402 1139 1478; baseline 0.003 -19"><span class='ocrx_word' id='word_1_103' title='bbox 132 1405 218 1478; x_wconf 86' lang='lat' dir='ltr'><strong>parte</strong></span> <span class='ocrx_word' id='word_1_104' title='bbox 237 1402 378 1462; x_wconf 87' lang='lat' dir='ltr'><strong>delictum</strong></span> <span class='ocrx_word' id='word_1_105' title='bbox 397 1406 449 1477; x_wconf 90' lang='lat' dir='ltr'><strong>est,</strong></span> <span class='ocrx_word' id='word_1_106' title='bbox 464 1404 519 1462; x_wconf 89' lang='lat' dir='ltr'><strong>hoc</strong></span> <span class='ocrx_word' id='word_1_107' title='bbox 536 1406 638 1462; x_wconf 86' lang='lat' dir='ltr'><strong>tamen</strong></span> <span class='ocrx_word' id='word_1_108' title='bbox 656 1405 767 1463; x_wconf 88' lang='lat' dir='ltr'><strong>crimen</strong></span> <span class='ocrx_word' id='word_1_109' title='bbox 780 1405 909 1463; x_wconf 90' lang='lat' dir='ltr'><strong>militem</strong></span> <span class='ocrx_word' id='word_1_110' title='bbox 928 1405 1038 1465; x_wconf 91' lang='lat' dir='ltr'><strong>saltem</strong></span> <span class='ocrx_word' id='word_1_111' title='bbox 1051 1404 1139 1464; x_wconf 87' lang='lat' dir='ltr'><strong>decet.</strong></span> 
     </span>
     <span class='ocr_line' id='line_1_15' title="bbox 80 1485 1139 1568; baseline 0.008 -25"><span class='ocrx_word' id='word_1_112' title='bbox 80 1490 117 1544; x_wconf 82' lang='grc'><strong>11</strong></span> <span class='ocrx_word' id='word_1_113' title='bbox 132 1491 268 1551; x_wconf 86' lang='lat' dir='ltr'><strong>tribunus</strong></span> <span class='ocrx_word' id='word_1_114' title='bbox 292 1493 358 1550; x_wconf 84' lang='lat' dir='ltr'><strong>fuit.</strong></span> <span class='ocrx_word' id='word_1_115' title='bbox 404 1492 507 1551; x_wconf 87' lang='lat' dir='ltr'><strong>videor</strong></span> <span class='ocrx_word' id='word_1_116' title='bbox 531 1494 725 1567; x_wconf 84' lang='lat' dir='ltr'><strong>mehercules,</strong></span> <span class='ocrx_word' id='word_1_117' title='bbox 753 1485 925 1568; x_wconf 88' lang='lat' dir='ltr'><strong>imperator,</strong></span> <span class='ocrx_word' id='word_1_118' title='bbox 948 1492 1062 1554; x_wconf 89' lang='lat' dir='ltr'><strong>oblitus</strong></span> <span class='ocrx_word' id='word_1_119' title='bbox 1084 1513 1139 1552; x_wconf 90' lang='lat' dir='ltr'><strong>me·</strong></span> 
     </span>
     <span class='ocr_line' id='line_1_16' title="bbox 132 1580 1171 1659; baseline 0 -22"><span class='ocrx_word' id='word_1_120' title='bbox 132 1580 299 1640; x_wconf 82' lang='lat' dir='ltr'><strong>diocritatis</strong></span> <span class='ocrx_word' id='word_1_121' title='bbox 318 1600 408 1656; x_wconf 84' lang='lat' dir='ltr'><strong>meae,</strong></span> <span class='ocrx_word' id='word_1_122' title='bbox 433 1601 500 1640; x_wconf 91' lang='lat' dir='ltr'><strong>cum</strong></span> <span class='ocrx_word' id='word_1_123' title='bbox 517 1583 567 1640; x_wconf 82' lang='grc'><strong>111</strong></span> <span class='ocrx_word' id='word_1_124' title='bbox 586 1584 673 1641; x_wconf 89' lang='lat' dir='ltr'><strong>unius</strong></span> <span class='ocrx_word' id='word_1_125' title='bbox 693 1581 856 1641; x_wconf 87' lang='lat' dir='ltr'><strong>defensioni</strong></span> <span class='ocrx_word' id='word_1_126' title='bbox 874 1582 1031 1657; x_wconf 89' lang='lat' dir='ltr'><strong>sufficiam,</strong></span> <span class='ocrx_word' id='word_1_127' title='bbox 1056 1601 1140 1659; x_wconf 88' lang='lat' dir='ltr'><strong>quae·</strong></span> <span class='ocrx_word' id='word_1_128' title='bbox 1151 1597 1171 1639; x_wconf 85' lang='lat' dir='ltr'><strong>u</strong></span> 
     </span>
     <span class='ocr_line' id='line_1_17' title="bbox 132 1669 1140 1747; baseline 0.005 -22"><span class='ocrx_word' id='word_1_129' title='bbox 132 1669 201 1727; x_wconf 83' lang='lat' dir='ltr'><strong>dam</strong></span> <span class='ocrx_word' id='word_1_130' title='bbox 223 1689 277 1744; x_wconf 89' lang='lat' dir='ltr'><strong>pro</strong></span> <span class='ocrx_word' id='word_1_131' title='bbox 300 1672 437 1729; x_wconf 83' lang='lat' dir='ltr'><strong>universo</strong></span> <span class='ocrx_word' id='word_1_132' title='bbox 456 1671 588 1730; x_wconf 87' lang='lat' dir='ltr'><strong>dicturus</strong></span> <span class='ocrx_word' id='word_1_133' title='bbox 612 1672 750 1730; x_wconf 83' lang='lat' dir='ltr'><strong>exercitu.</strong></span> <span class='ocrx_word' id='word_1_134' title='bbox 787 1689 888 1730; x_wconf 88' lang='lat' dir='ltr'><strong>omnes</strong></span> <span class='ocrx_word' id='word_1_135' title='bbox 910 1672 965 1730; x_wconf 88' lang='lat' dir='ltr'><strong>has</strong></span> <span class='ocrx_word' id='word_1_136' title='bbox 988 1691 1066 1747; x_wconf 88' lang='lat' dir='ltr'><strong>quae</strong></span> <span class='ocrx_word' id='word_1_137' title='bbox 1089 1673 1140 1732; x_wconf 89' lang='lat' dir='ltr'><strong>cir·</strong></span> 
     </span>
     <span class='ocr_line' id='line_1_18' title="bbox 133 1760 1141 1837; baseline 0.002 -21"><span class='ocrx_word' id='word_1_138' title='bbox 133 1761 307 1817; x_wconf 79' lang='lat' dir='ltr'><strong>cumetetere</strong></span> <span class='ocrx_word' id='word_1_139' title='bbox 335 1760 478 1835; x_wconf 77' lang='lat' dir='ltr'><strong>legiones,</strong></span> <span class='ocrx_word' id='word_1_140' title='bbox 511 1760 614 1819; x_wconf 90' lang='lat' dir='ltr'><strong>florem</strong></span> <span class='ocrx_word' id='word_1_141' title='bbox 640 1760 761 1834; x_wconf 83' lang='lat' dir='ltr'><strong>Italiae,</strong></span> <span class='ocrx_word' id='word_1_142' title='bbox 794 1761 904 1818; x_wconf 84' lang='lat' dir='ltr'><strong>civium</strong></span> <span class='ocrx_word' id='word_1_143' title='bbox 936 1761 1141 1837; x_wconf 90' lang='lat' dir='ltr'><strong>sociorumque</strong></span> 
     </span>
     <span class='ocr_line' id='line_1_19' title="bbox 131 1847 1144 1924; baseline 0.004 -20"><span class='ocrx_word' id='word_1_144' title='bbox 131 1847 247 1920; x_wconf 84' lang='lat' dir='ltr'><strong>robora,</strong></span> <span class='ocrx_word' id='word_1_145' title='bbox 270 1866 330 1905; x_wconf 84' lang='lat' dir='ltr'><strong>una</strong></span> <span class='ocrx_word' id='word_1_146' title='bbox 349 1866 419 1906; x_wconf 89' lang='lat' dir='ltr'><strong>voce</strong></span> <span class='ocrx_word' id='word_1_147' title='bbox 443 1849 627 1923; x_wconf 80' lang='lat' dir='ltr'><strong>proclamare</strong></span> <span class='ocrx_word' id='word_1_148' title='bbox 646 1849 725 1924; x_wconf 88' lang='lat' dir='ltr'><strong>apud</strong></span> <span class='ocrx_word' id='word_1_149' title='bbox 747 1849 880 1907; x_wconf 85' lang='lat' dir='ltr'><strong>tribunal</strong></span> <span class='ocrx_word' id='word_1_150' title='bbox 901 1850 1047 1908; x_wconf 85' lang='lat' dir='ltr'><strong>existima.</strong></span> <span class='ocrx_word' id='word_1_151' title='bbox 1085 1869 1144 1910; x_wconf 92' lang='lat' dir='ltr'><strong>non</strong></span> 
     </span>
     <span class='ocr_line' id='line_1_20' title="bbox 132 1936 1143 2016; baseline 0.005 -24"><span class='ocrx_word' id='word_1_152' title='bbox 132 1936 296 2012; x_wconf 80' lang='lat' dir='ltr'><strong>ignominia</strong></span> <span class='ocrx_word' id='word_1_153' title='bbox 314 1936 442 1996; x_wconf 88' lang='lat' dir='ltr'><strong>tribunis</strong></span> <span class='ocrx_word' id='word_1_154' title='bbox 460 1956 564 2012; x_wconf 86' lang='lat' dir='ltr'><strong>parere</strong></span> <span class='ocrx_word' id='word_1_155' title='bbox 582 1957 746 2016; x_wconf 87' lang='lat' dir='ltr'><strong>possumus,</strong></span> <span class='ocrx_word' id='word_1_156' title='bbox 767 1956 853 1997; x_wconf 91' lang='lat' dir='ltr'><strong>nemo</strong></span> <span class='ocrx_word' id='word_1_157' title='bbox 872 1940 1008 1997; x_wconf 89' lang='lat' dir='ltr'><strong>nostrum</strong></span> <span class='ocrx_word' id='word_1_158' title='bbox 1025 1941 1143 1999; x_wconf 87' lang='lat' dir='ltr'><strong>recusat</strong></span> 
     </span>
     <span class='ocr_line' id='line_1_21' title="bbox 132 2024 1181 2102; baseline 0.005 -21"><span class='ocrx_word' id='word_1_159' title='bbox 132 2025 272 2084; x_wconf 90' lang='lat' dir='ltr'><strong>itinerum</strong></span> <span class='ocrx_word' id='word_1_160' title='bbox 295 2024 440 2100; x_wconf 83' lang='lat' dir='ltr'><strong>laborem,</strong></span> <span class='ocrx_word' id='word_1_161' title='bbox 469 2046 522 2085; x_wconf 90' lang='lat' dir='ltr'><strong>nec</strong></span> <span class='ocrx_word' id='word_1_162' title='bbox 544 2028 689 2087; x_wconf 88' lang='lat' dir='ltr'><strong>iniustum</strong></span> <span class='ocrx_word' id='word_1_163' title='bbox 712 2047 800 2102; x_wconf 90' lang='lat' dir='ltr'><strong>super</strong></span> <span class='ocrx_word' id='word_1_164' title='bbox 823 2045 906 2085; x_wconf 85' lang='lat' dir='ltr'><strong>erma</strong></span> <span class='ocrx_word' id='word_1_165' title='bbox 931 2028 1057 2102; x_wconf 85' lang='lat' dir='ltr'><strong>fascem,</strong></span> <span class='ocrx_word' id='word_1_166' title='bbox 1085 2046 1181 2088; x_wconf 78' lang='lat' dir='ltr'><strong>nonae</strong></span> 
     </span>
     <span class='ocr_line' id='line_1_22' title="bbox 133 2115 1145 2191; baseline 0.004 -21"><span class='ocrx_word' id='word_1_167' title='bbox 133 2115 239 2173; x_wconf 86' lang='lat' dir='ltr'><strong>aestivi</strong></span> <span class='ocrx_word' id='word_1_168' title='bbox 271 2115 341 2174; x_wconf 89' lang='lat' dir='ltr'><strong>solis</strong></span> <span class='ocrx_word' id='word_1_169' title='bbox 370 2115 518 2190; x_wconf 89' lang='lat' dir='ltr'><strong>ardorem,</strong></span> <span class='ocrx_word' id='word_1_170' title='bbox 550 2136 604 2175; x_wconf 90' lang='lat' dir='ltr'><strong>nec</strong></span> <span class='ocrx_word' id='word_1_171' title='bbox 631 2115 685 2176; x_wconf 89' lang='lat' dir='ltr'><strong>sub</strong></span> <span class='ocrx_word' id='word_1_172' title='bbox 717 2116 844 2191; x_wconf 92' lang='lat' dir='ltr'><strong>pellibus</strong></span> <span class='ocrx_word' id='word_1_173' title='bbox 877 2118 975 2175; x_wconf 85' lang='lat' dir='ltr'><strong>actam</strong></span> <span class='ocrx_word' id='word_1_174' title='bbox 1007 2117 1145 2177; x_wconf 90' lang='lat' dir='ltr'><strong>hiemem.</strong></span> 
     </span>
     <span class='ocr_line' id='line_1_23' title="bbox 132 2203 1148 2282; baseline 0.007 -23"><span class='ocrx_word' id='word_1_175' title='bbox 132 2203 265 2261; x_wconf 85' lang='lat' dir='ltr'><strong>ferienda</strong></span> <span class='ocrx_word' id='word_1_176' title='bbox 284 2205 324 2262; x_wconf 88' lang='lat' dir='ltr'><strong>sit</strong></span> <span class='ocrx_word' id='word_1_177' title='bbox 342 2205 469 2282; x_wconf 81' lang='lat' dir='ltr'><strong>fatigato</strong></span> <span class='ocrx_word' id='word_1_178' title='bbox 489 2206 578 2280; x_wconf 82' lang='lat' dir='ltr'><strong>fosse,</strong></span> <span class='ocrx_word' id='word_1_179' title='bbox 599 2224 653 2280; x_wconf 91' lang='lat' dir='ltr'><strong>pro</strong></span> <span class='ocrx_word' id='word_1_180' title='bbox 672 2205 752 2264; x_wconf 83' lang='lat' dir='ltr'><strong>vello</strong></span> <span class='ocrx_word' id='word_1_181' title='bbox 770 2207 924 2281; x_wconf 79' lang='lat' dir='ltr'><strong>portisque</strong></span> <span class='ocrx_word' id='word_1_182' title='bbox 947 2206 1148 2282; x_wconf 80' lang='lat' dir='ltr'><strong>vigilandum,</strong></span> 
     </span>
     <span class='ocr_line' id='line_1_24' title="bbox 132 2292 1149 2371; baseline 0.006 -22"><span class='ocrx_word' id='word_1_183' title='bbox 132 2292 251 2351; x_wconf 74' lang='lat' dir='ltr'><strong>fortiter</strong></span> <span class='ocrx_word' id='word_1_184' title='bbox 270 2295 415 2368; x_wconf 87' lang='lat' dir='ltr'><strong>ancipites</strong></span> <span class='ocrx_word' id='word_1_185' title='bbox 437 2296 578 2353; x_wconf 91' lang='lat' dir='ltr'><strong>inibimus</strong></span> <span class='ocrx_word' id='word_1_186' title='bbox 601 2313 726 2371; x_wconf 84' lang='lat' dir='ltr'><strong>pugnes,</strong></span> <span class='ocrx_word' id='word_1_187' title='bbox 749 2295 874 2352; x_wconf 82' lang='lat' dir='ltr'><strong>vulnera</strong></span> <span class='ocrx_word' id='word_1_188' title='bbox 897 2293 984 2352; x_wconf 85' lang='lat' dir='ltr'><strong>laude</strong></span> <span class='ocrx_word' id='word_1_189' title='bbox 1007 2297 1149 2369; x_wconf 89' lang='lat' dir='ltr'><strong>pensabi-</strong></span> 
     </span>
    </p>
   </div>
   <div class='ocr_carea' id='block_1_3' title="bbox 132 2462 1149 2604">
    <p class='ocr_par' dir='ltr' id='par_1_3' title="bbox 132 2462 1149 2604">
     <span class='ocr_line' id='line_1_25' title="bbox 203 2462 1149 2533; baseline 0.005 -19"><span class='ocrx_word' id='word_1_190' title='bbox 203 2467 236 2515; x_wconf 92' lang='grc'><strong>22</strong></span> <span class='ocrx_word' id='word_1_191' title='bbox 247 2463 281 2528; x_wconf 81' lang='lat' dir='ltr'><strong>cf.</strong></span> <span class='ocrx_word' id='word_1_192' title='bbox 301 2462 397 2517; x_wconf 78' lang='lat' dir='ltr'><strong>Hlllll.</strong></span> <span class='ocrx_word' id='word_1_193' title='bbox 414 2479 455 2533; x_wconf 91' lang='lat' dir='ltr'><strong>ep.</strong></span> <span class='ocrx_word' id='word_1_194' title='bbox 473 2470 540 2531; x_wconf 83' lang='lat'><strong>14,2</strong></span> <span class='ocrx_word' id='word_1_195' title='bbox 561 2463 630 2532; x_wconf 89' lang='lat' dir='ltr'><strong>quid</strong></span> <span class='ocrx_word' id='word_1_196' title='bbox 643 2463 714 2517; x_wconf 87' lang='lat' dir='ltr'><strong>facis</strong></span> <span class='ocrx_word' id='word_1_197' title='bbox 728 2464 759 2517; x_wconf 90' lang='lat' dir='ltr'><strong>in</strong></span> <span class='ocrx_word' id='word_1_198' title='bbox 776 2466 896 2533; x_wconf 85' lang='lat' dir='ltr'><strong>paterna</strong></span> <span class='ocrx_word' id='word_1_199' title='bbox 910 2463 1001 2529; x_wconf 89' lang='lat' dir='ltr'><strong>domo,</strong></span> <span class='ocrx_word' id='word_1_200' title='bbox 1021 2464 1149 2519; x_wconf 83' lang='lat' dir='ltr'><strong>delicate</strong></span> 
     </span>
     <span class='ocr_line' id='line_1_26' title="bbox 132 2531 1111 2604; baseline 0.006 -20"><span class='ocrx_word' id='word_1_201' title='bbox 132 2531 230 2586; x_wconf 82' lang='lat' dir='ltr'><strong>miles?</strong></span> <span class='ocrx_word' id='word_1_202' title='bbox 249 2533 299 2587; x_wconf 91' lang='lat' dir='ltr'><strong>ubi</strong></span> <span class='ocrx_word' id='word_1_203' title='bbox 317 2533 439 2588; x_wconf 82' lang='lat' dir='ltr'><strong>vallum?</strong></span> <span class='ocrx_word' id='word_1_204' title='bbox 457 2535 507 2588; x_wconf 88' lang='lat' dir='ltr'><strong>ubi</strong></span> <span class='ocrx_word' id='word_1_205' title='bbox 525 2535 618 2588; x_wconf 77' lang='lat' dir='ltr'><strong>fossa?</strong></span> <span class='ocrx_word' id='word_1_206' title='bbox 637 2535 688 2588; x_wconf 91' lang='lat' dir='ltr'><strong>ubi</strong></span> <span class='ocrx_word' id='word_1_207' title='bbox 704 2535 794 2588; x_wconf 89' lang='lat' dir='ltr'><strong>hiems</strong></span> <span class='ocrx_word' id='word_1_208' title='bbox 814 2537 878 2589; x_wconf 82' lang='lat' dir='ltr'><strong>acta</strong></span> <span class='ocrx_word' id='word_1_209' title='bbox 897 2534 949 2587; x_wconf 88' lang='lat' dir='ltr'><strong>sub</strong></span> <span class='ocrx_word' id='word_1_210' title='bbox 966 2533 1111 2604; x_wconf 79' lang='lat' dir='ltr'><strong>pellibus?</strong></span> 
     </span>
    </p>
   </div>
   <div class='ocr_carea' id='block_1_4' title="bbox 204 2693 1151 2778">
    <p class='ocr_par' dir='ltr' id='par_1_4' title="bbox 204 2693 1151 2778">
     <span class='ocr_line' id='line_1_27' title="bbox 204 2693 1151 2778; baseline 0.005 -32"><span class='ocrx_word' id='word_1_211' title='bbox 204 2699 219 2746; x_wconf 90' lang='grc'>2</span> <span class='ocrx_word' id='word_1_212' title='bbox 244 2693 391 2747; x_wconf 79' lang='grc'>(1111111111</span> <span class='ocrx_word' id='word_1_213' title='bbox 411 2693 520 2748; x_wconf 81' lang='lat' dir='ltr'><strong>delecta</strong></span> <span class='ocrx_word' id='word_1_214' title='bbox 538 2704 577 2759; x_wconf 85' lang='grc' dir='ltr'><strong>Β,</strong></span> <span class='ocrx_word' id='word_1_215' title='bbox 600 2705 702 2749; x_wconf 58' lang='lat' dir='ltr'><strong>corre</strong></span> <span class='ocrx_word' id='word_1_216' title='bbox 774 2701 789 2748; x_wconf 88' lang='grc'>3</span> <span class='ocrx_word' id='word_1_217' title='bbox 812 2694 942 2778; x_wconf 79' lang='lat' dir='ltr'><strong>tribunus</strong></span> <span class='ocrx_word' id='word_1_218' title='bbox 964 2694 1020 2748; x_wconf 90' lang='lat' dir='ltr'><strong>nisi</strong></span> <span class='ocrx_word' id='word_1_219' title='bbox 1044 2711 1151 2766; x_wconf 89' lang='lat' dir='ltr'><strong>corpus</strong></span> 
     </span>
    </p>
   </div>
   <div class='ocr_carea' id='block_1_5' title="bbox 132 2780 1111 2943">
    <p class='ocr_par' dir='ltr' id='par_1_5' title="bbox 132 2780 1111 2943">
     <span class='ocr_line' id='line_1_28' title="bbox 133 2780 1110 2871; baseline 0.002 -19"><span class='ocrx_word' id='word_1_220' title='bbox 133 2809 164 2852; x_wconf 79' lang='grc'><strong>1</strong></span> <span class='ocrx_word' id='word_1_221' title='bbox 216 2800 339 2868; x_wconf 77' lang='lat' dir='ltr'><strong>corrigat</strong></span> <span class='ocrx_word' id='word_1_222' title='bbox 357 2822 375 2853; x_wconf 68' lang='lat' dir='ltr'><strong>a</strong></span> <span class='ocrx_word' id='word_1_223' title='bbox 429 2801 613 2855; x_wconf 70' lang='grc'>11111111·</span> <span class='ocrx_word' id='word_1_224' title='bbox 665 2801 779 2855; x_wconf 70' lang='lat' dir='ltr'><strong>eruces</strong></span> <span class='ocrx_word' id='word_1_225' title='bbox 798 2811 826 2854; x_wconf 77' lang='grc'><strong>1</strong></span> <span class='ocrx_word' id='word_1_226' title='bbox 878 2780 927 2870; x_wconf 64' lang='lat' dir='ltr'><strong>qd</strong></span> <span class='ocrx_word' id='word_1_227' title='bbox 940 2803 1065 2871; x_wconf 58' lang='grc'>1111».</span> <span class='ocrx_word' id='word_1_228' title='bbox 1082 2805 1110 2871; x_wconf 78' lang='grc' dir='ltr'><strong>ι)</strong></span> 
     </span>
     <span class='ocr_line' id='line_1_29' title="bbox 132 2872 1111 2943; baseline 0.004 -20"><span class='ocrx_word' id='word_1_229' title='bbox 132 2887 188 2923; x_wconf 91' lang='lat' dir='ltr'><strong>non</strong></span> <span class='ocrx_word' id='word_1_230' title='bbox 211 2888 261 2925; x_wconf 84' lang='lat' dir='ltr'><strong>om.</strong></span> <span class='ocrx_word' id='word_1_231' title='bbox 278 2879 310 2924; x_wconf 75' lang='lat' dir='ltr'><em>M</em></span> <span class='ocrx_word' id='word_1_232' title='bbox 380 2877 442 2940; x_wconf 81' lang='lat' dir='ltr'><strong>9sq.</strong></span> <span class='ocrx_word' id='word_1_233' title='bbox 461 2873 595 2926; x_wconf 85' lang='lat' dir='ltr'><strong>nescit—</strong></span> <span class='ocrx_word' id='word_1_234' title='bbox 606 2873 711 2926; x_wconf 89' lang='lat' dir='ltr'><strong>ordinis</strong></span> <span class='ocrx_word' id='word_1_235' title='bbox 731 2890 781 2928; x_wconf 86' lang='lat' dir='ltr'><strong>om.</strong></span> <span class='ocrx_word' id='word_1_236' title='bbox 797 2883 830 2939; x_wconf 85' lang='lat' dir='ltr'><strong>P,</strong></span> <span class='ocrx_word' id='word_1_237' title='bbox 854 2872 917 2926; x_wconf 87' lang='lat' dir='ltr'><strong>add.</strong></span> <span class='ocrx_word' id='word_1_238' title='bbox 938 2874 970 2926; x_wconf 79' lang='grc'><strong>11</strong></span> <span class='ocrx_word' id='word_1_239' title='bbox 987 2889 1074 2943; x_wconf 66' lang='lat' dir='ltr'><strong>moro.</strong></span> <span class='ocrx_word' id='word_1_240' title='bbox 1090 2896 1111 2935; x_wconf 71' lang='grc' dir='ltr'><strong>ρ</strong></span> 
     </span>
    </p>
   </div>
   <div class='ocr_carea' id='block_1_6' title="bbox 133 2962 1151 3134">
    <p class='ocr_par' dir='ltr' id='par_1_6' title="bbox 133 2962 1151 3134">
     <span class='ocr_line' id='line_1_30' title="bbox 133 2962 1151 3063; baseline 0.006 -16"><span class='ocrx_word' id='word_1_241' title='bbox 133 2995 219 3062; x_wconf 85' lang='lat' dir='ltr'><strong>quod:</strong></span> <span class='ocrx_word' id='word_1_242' title='bbox 240 2995 308 3062; x_wconf 90' lang='lat' dir='ltr'><strong>quid</strong></span> <span class='ocrx_word' id='word_1_243' title='bbox 325 3006 359 3063; x_wconf 82' lang='lat' dir='ltr'><strong>B,</strong></span> <span class='ocrx_word' id='word_1_244' title='bbox 379 3007 480 3052; x_wconf 59' lang='lat' dir='ltr'><strong>corno</strong></span> <span class='ocrx_word' id='word_1_245' title='bbox 539 2984 640 3063; x_wconf 76' lang='lat' dir='ltr'><strong>bistius</strong></span> <span class='ocrx_word' id='word_1_246' title='bbox 664 3007 685 3048; x_wconf 82' lang='lat' dir='ltr'><em>V</em></span> <span class='ocrx_word' id='word_1_247' title='bbox 753 3003 785 3050; x_wconf 92' lang='lat'><strong>11</strong></span> <span class='ocrx_word' id='word_1_248' title='bbox 806 2962 894 3050; x_wconf 71' lang='lat' dir='ltr'><strong>ferret</strong></span> <span class='ocrx_word' id='word_1_249' title='bbox 908 3005 941 3049; x_wconf 78' lang='grc' dir='ltr'><em>Μ</em></span> <span class='ocrx_word' id='word_1_250' title='bbox 1011 3001 1043 3050; x_wconf 79' lang='grc'><strong>13</strong></span> <span class='ocrx_word' id='word_1_251' title='bbox 1065 2998 1151 3054; x_wconf 81' lang='lat' dir='ltr'><strong>decet</strong></span> 
     </span>
     <span class='ocr_line' id='line_1_31' title="bbox 133 3066 1080 3134; baseline 0.001 -15"><span class='ocrx_word' id='word_1_252' title='bbox 133 3066 703 3134; x_wconf 69' lang='grc' dir='ltr'>11111111,11111111113111141111.Β</span> <span class='ocrx_word' id='word_1_253' title='bbox 774 3074 808 3121; x_wconf 86' lang='grc'><strong>14</strong></span> <span class='ocrx_word' id='word_1_254' title='bbox 830 3067 885 3122; x_wconf 81' lang='lat' dir='ltr'><strong>fuit</strong></span> <span class='ocrx_word' id='word_1_255' title='bbox 903 3067 1032 3121; x_wconf 86' lang='lat' dir='ltr'><strong>tribunus</strong></span> <span class='ocrx_word' id='word_1_256' title='bbox 1056 3079 1080 3120; x_wconf 78' lang='grc'><strong>1·</strong></span> 
     </span>
    </p>
   </div>
   <div class='ocr_carea' id='block_1_7' title="bbox 132 3157 1149 3455">
    <p class='ocr_par' dir='ltr' id='par_1_7' title="bbox 132 3157 1149 3455">
     <span class='ocr_line' id='line_1_32' title="bbox 134 3157 1112 3243; baseline 0.005 -18"><span class='ocrx_word' id='word_1_257' title='bbox 134 3178 166 3225; x_wconf 83' lang='lat'><strong>15</strong></span> <span class='ocrx_word' id='word_1_258' title='bbox 186 3173 355 3238; x_wconf 73' lang='lat' dir='ltr'><strong>defensionis</strong></span> <span class='ocrx_word' id='word_1_259' title='bbox 379 3183 399 3225; x_wconf 74' lang='lat' dir='ltr'><em>V</em></span> <span class='ocrx_word' id='word_1_260' title='bbox 445 3174 571 3228; x_wconf 87' lang='lat' dir='ltr'><strong>suficiam</strong></span> <span class='ocrx_word' id='word_1_261' title='bbox 589 3184 617 3227; x_wconf 98' lang='grc' dir='ltr'><em>Β</em></span> <span class='ocrx_word' id='word_1_262' title='bbox 678 3179 710 3227; x_wconf 89' lang='grc'><strong>16</strong></span> <span class='ocrx_word' id='word_1_263' title='bbox 730 3157 840 3228; x_wconf 60' lang='lat' dir='ltr'><strong>exercitu</strong></span> <span class='ocrx_word' id='word_1_264' title='bbox 861 3184 883 3226; x_wconf 77' lang='lat' dir='ltr'><em>V</em></span> <span class='ocrx_word' id='word_1_265' title='bbox 928 3190 1112 3243; x_wconf 74' lang='lat' dir='ltr'><strong>omnesquee</strong></span> 
     </span>
     <span class='ocr_line' id='line_1_33' title="bbox 134 3245 1148 3316; baseline 0.004 -18"><span class='ocrx_word' id='word_1_266' title='bbox 134 3245 310 3299; x_wconf 85' lang='lat' dir='ltr'><strong>circostetere</strong></span> <span class='ocrx_word' id='word_1_267' title='bbox 330 3256 357 3299; x_wconf 85' lang='grc' dir='ltr'><strong><em>Ρ</em></strong></span> <span class='ocrx_word' id='word_1_268' title='bbox 446 3251 477 3298; x_wconf 75' lang='grc'><strong>17</strong></span> <span class='ocrx_word' id='word_1_269' title='bbox 501 3245 645 3315; x_wconf 71' lang='lat' dir='ltr'><strong>{legiones</strong></span> <span class='ocrx_word' id='word_1_270' title='bbox 663 3256 691 3299; x_wconf 97' lang='grc' dir='ltr'><em>Β</em></span> <span class='ocrx_word' id='word_1_271' title='bbox 776 3251 808 3298; x_wconf 86' lang='grc'><strong>19</strong></span> <span class='ocrx_word' id='word_1_272' title='bbox 832 3245 988 3316; x_wconf 80' lang='lat' dir='ltr'><strong>ignominia</strong></span> <span class='ocrx_word' id='word_1_273' title='bbox 1008 3255 1069 3313; x_wconf 70' lang='lat'><strong>31⁷3</strong></span> <span class='ocrx_word' id='word_1_274' title='bbox 1089 3248 1148 3302; x_wconf 90' lang='lat' dir='ltr'><strong>-iae</strong></span> 
     </span>
     <span class='ocr_line' id='line_1_34' title="bbox 132 3315 1148 3386; baseline 0.003 -17"><span class='ocrx_word' id='word_1_275' title='bbox 132 3317 232 3383; x_wconf 78' lang='lat' dir='ltr'><strong>reliqui</strong></span> <span class='ocrx_word' id='word_1_276' title='bbox 302 3317 423 3370; x_wconf 87' lang='lat' dir='ltr'><strong>tribunis</strong></span> <span class='ocrx_word' id='word_1_277' title='bbox 448 3327 477 3370; x_wconf 78' lang='lat' dir='ltr'><strong>o:</strong></span> <span class='ocrx_word' id='word_1_278' title='bbox 503 3315 610 3369; x_wconf 91' lang='lat' dir='ltr'><strong>tribuni</strong></span> <span class='ocrx_word' id='word_1_279' title='bbox 632 3317 731 3385; x_wconf 77' lang='lat' dir='ltr'><strong>reliqui</strong></span> <span class='ocrx_word' id='word_1_280' title='bbox 801 3319 926 3370; x_wconf 82' lang='lat' dir='ltr'><strong>recussat</strong></span> <span class='ocrx_word' id='word_1_281' title='bbox 948 3317 1089 3371; x_wconf 86' lang='lat' dir='ltr'><strong>itenerum</strong></span> <span class='ocrx_word' id='word_1_282' title='bbox 1111 3328 1148 3386; x_wconf 80' lang='grc' dir='ltr'><strong>Β,</strong></span> 
     </span>
     <span class='ocr_line' id='line_1_35' title="bbox 132 3387 1149 3455; baseline 0.005 -16"><span class='ocrx_word' id='word_1_283' title='bbox 132 3392 277 3455; x_wconf 75' lang='lat' dir='ltr'><strong>uirumque</strong></span> <span class='ocrx_word' id='word_1_284' title='bbox 299 3398 401 3442; x_wconf 62' lang='lat' dir='ltr'><strong>corno</strong></span> <span class='ocrx_word' id='word_1_285' title='bbox 478 3393 511 3441; x_wconf 85' lang='grc'><strong>20</strong></span> <span class='ocrx_word' id='word_1_286' title='bbox 534 3404 602 3441; x_wconf 89' lang='lat' dir='ltr'><strong>non:</strong></span> <span class='ocrx_word' id='word_1_287' title='bbox 626 3405 678 3442; x_wconf 88' lang='lat' dir='ltr'><strong>nec</strong></span> <span class='ocrx_word' id='word_1_288' title='bbox 695 3398 719 3441; x_wconf 78' lang='grc'><strong>1</strong></span> <span class='ocrx_word' id='word_1_289' title='bbox 794 3393 826 3441; x_wconf 90' lang='grc'><strong>21</strong></span> <span class='ocrx_word' id='word_1_290' title='bbox 850 3387 962 3441; x_wconf 90' lang='lat' dir='ltr'><strong>hiemen</strong></span> <span class='ocrx_word' id='word_1_291' title='bbox 979 3397 1019 3454; x_wconf 76' lang='grc' dir='ltr'><strong>Β,</strong></span> <span class='ocrx_word' id='word_1_292' title='bbox 1043 3401 1149 3444; x_wconf 67' lang='lat' dir='ltr'><strong>corn</strong></span> 
     </span>
    </p>
   </div>
   <div class='ocr_carea' id='block_1_8' title="bbox 826 3462 837 3472">
    <p class='ocr_par' dir='ltr' id='par_1_8' title="bbox 826 3462 837 3472">
     <span class='ocr_line' id='line_1_36' title="bbox 826 3462 837 3472; baseline 0 0"><span class='ocrx_word' id='word_1_293' title='bbox 826 3462 837 3472; x_wconf 70' lang='lat' dir='ltr'><em>u</em></span> 
     </span>
    </p>
   </div>
   <div class='ocr_carea' id='block_1_9' title="bbox 126 3474 1075 3620">
    <p class='ocr_par' dir='ltr' id='par_1_9' title="bbox 126 3474 1075 3620">
     <span class='ocr_line' id='line_1_37' title="bbox 133 3474 1075 3544; baseline 0.003 -16"><span class='ocrx_word' id='word_1_294' title='bbox 133 3481 167 3528; x_wconf 92' lang='grc'><strong>22</strong></span> <span class='ocrx_word' id='word_1_295' title='bbox 190 3474 330 3530; x_wconf 88' lang='lat' dir='ltr'><strong>ferienda:</strong></span> <span class='ocrx_word' id='word_1_296' title='bbox 354 3477 488 3530; x_wconf 81' lang='lat' dir='ltr'><strong>fodienda</strong></span> <span class='ocrx_word' id='word_1_297' title='bbox 506 3477 639 3532; x_wconf 80' lang='lat' dir='ltr'><strong>Pascerct</strong></span> <span class='ocrx_word' id='word_1_298' title='bbox 713 3476 762 3531; x_wconf 82' lang='lat' dir='ltr'><strong>sit:</strong></span> <span class='ocrx_word' id='word_1_299' title='bbox 787 3477 840 3531; x_wconf 79' lang='lat' dir='ltr'><strong>sict</strong></span> <span class='ocrx_word' id='word_1_300' title='bbox 859 3486 900 3544; x_wconf 69' lang='lat' dir='ltr'><strong>M,</strong></span> <span class='ocrx_word' id='word_1_301' title='bbox 929 3479 972 3531; x_wconf 87' lang='lat' dir='ltr'><strong>est</strong></span> <span class='ocrx_word' id='word_1_302' title='bbox 995 3475 1036 3531; x_wconf 88' lang='lat' dir='ltr'><strong>sic</strong></span> <span class='ocrx_word' id='word_1_303' title='bbox 1059 3490 1075 3542; x_wconf 73' lang='grc' dir='ltr'><strong><em>β</em></strong></span> 
     </span>
     <span class='ocr_line' id='line_1_38' title="bbox 126 3546 933 3620; baseline 0.005 -23"><span class='ocrx_word' id='word_1_304' title='bbox 126 3546 251 3615; x_wconf 52' lang='lat' dir='ltr'><strong>setigero</strong></span> <span class='ocrx_word' id='word_1_305' title='bbox 272 3565 308 3603; x_wconf 80' lang='lat' dir='ltr'><strong>cr</strong></span> <span class='ocrx_word' id='word_1_306' title='bbox 324 3548 377 3604; x_wconf 81' lang='lat' dir='ltr'><strong>-ito</strong></span> <span class='ocrx_word' id='word_1_307' title='bbox 395 3558 426 3604; x_wconf 94' lang='grc' dir='ltr'><em>Β</em></span> <span class='ocrx_word' id='word_1_308' title='bbox 496 3554 528 3604; x_wconf 83' lang='grc'><strong>23</strong></span> <span class='ocrx_word' id='word_1_309' title='bbox 549 3548 702 3620; x_wconf 86' lang='lat' dir='ltr'><strong>ancipites:</strong></span> <span class='ocrx_word' id='word_1_310' title='bbox 721 3547 891 3618; x_wconf 79' lang='lat' dir='ltr'><strong>accipientes</strong></span> <span class='ocrx_word' id='word_1_311' title='bbox 909 3559 933 3602; x_wconf 79' lang='lat'><em>1</em></span> 
     </span>
    </p>
   </div>
   <div class='ocr_carea' id='block_1_10' title="bbox 0 0 1210 3840">
    <p class='ocr_par' dir='ltr' id='par_1_10' title="bbox 0 0 1210 3840">
     <span class='ocr_line' id='line_1_39' title="bbox 0 0 1210 3840; baseline 0 0"><span class='ocrx_word' id='word_1_312' title='bbox 0 0 1210 3840; x_wconf 95' lang='lat' dir='ltr'><strong> </strong></span> 
     </span>
    </p>
   </div>
  </div>
 </body>
</html>
