2408 3840
113 164 157 228 42
463 160 571 216 MILES
588 161 780 217 MARIANVS

114 331 187 408 quid
209 331 293 390 eliud
316 331 412 390 dicem
435 362 478 372 -
502 330 626 391 fortiori.
671 330 761 390 hebet
787 324 908 390 aeterna
930 328 1014 388 lebes
1035 332 1128 404 viarm

115 424 145 479 et
171 422 204 479 in
227 422 404 497 exemplum,
432 421 464 479 in
487 421 566 496 quod
587 420 729 479 facillime
751 419 827 480 vilio
849 414 1019 496 proliciunt,
1048 436 1128 478 novs

115 511 203 586 culpo
225 510 385 586 pernotuit.
423 512 453 569 et
475 510 546 568 licet
567 511 718 584 impunito
740 511 780 569 sit
801 528 852 568 reo
875 511 972 568 virtus
994 526 1059 583 sua,
1081 509 1127 567 tn-

114 619 182 658 men
208 598 241 657 in
267 599 323 658 hoo
349 600 462 658 ruentis
489 601 521 656 in
549 599 696 657 deteriora
723 599 834 658 saeculi
861 616 963 673 cursu,
993 595 1127 671 adfirmo,

114 688 214 765 plures
243 691 329 746 erunt
353 689 404 764 qui
433 688 586 746 tribunum
612 687 768 745 imitentur
795 705 885 762 quam
908 686 962 762 qui
988 685 1126 745 militem
1151 703 1162 744 s

116 778 172 836 etsi
195 777 238 836 nil
260 778 358 836 minus
377 776 532 836 convenire
550 776 670 835 videtur
687 775 823 852 pertibus
842 775 988 850 advocati,
1010 792 1127 834 summe

114 866 286 942 imperator,
310 885 400 941 quam
420 884 472 924 reo
491 865 589 940 cupite
611 864 796 942 periclitanti
817 863 981 924 subsidium
1002 863 1126 922 misera·

114 956 205 1014 tionis
229 955 354 1030 auferri,
381 973 493 1013 memor
516 958 629 1029 tomen,
656 973 711 1031 pro
734 972 793 1029 quo
816 955 847 1012 et
868 953 948 1030 opud
972 971 1062 1028 quern
1084 953 1127 1012 lo·

114 1064 198 1120 quar,
232 1044 373 1102 audacter
401 1045 506 1119 atque,
537 1045 572 1101 ut
598 1061 698 1118 spero,
729 1045 796 1101 tuto
825 1041 967 1118 profiteor
997 1041 1128 1100 militem

114 1136 209 1206 tuum,
231 1132 374 1208 quicquid
396 1131 513 1191 adferat
530 1149 616 1190 cesus
638 1131 736 1207 hodie,
758 1130 813 1190 sub
829 1133 896 1206 ipso
914 1131 1053 1189 fortunae
1069 1130 1164 1189 mi-1o

115 1223 214 1280 nantis
242 1224 304 1280 ictu
332 1225 411 1280 stare
439 1239 581 1280 securum.
628 1224 680 1279 aut
707 1222 786 1279 enim
809 1220 945 1280 absolves
969 1221 1128 1295 tamquam

114 1310 317 1385 innocentem,
348 1312 403 1369 aut
433 1310 538 1387 punies
570 1312 724 1385 tamquam
755 1311 860 1368 virum.
906 1310 952 1368 fas
984 1310 1030 1367 est
1062 1308 1128 1366 vitu

110 1399 279 1475 periclitari
302 1400 354 1474 qui
376 1401 481 1457 nutum
503 1417 533 1458 se
556 1398 692 1458 meminit
708 1399 774 1475 lege
789 1396 944 1475 pereundi.
979 1415 1078 1473 neque
1095 1397 1128 1454 in

112 1487 255 1546 militiam
282 1488 457 1566 giuvissimo
486 1488 705 1563 asperrimoque
727 1487 806 1546 bello
829 1487 873 1545 ita
895 1486 991 1561 venit,
1018 1488 1055 1545 ut
1076 1504 1127 1545 ne

115 1577 203 1636 sciret
226 1577 283 1635 sibi
305 1579 431 1636 mortem
452 1579 485 1635 in
507 1577 661 1654 procinctu
683 1576 859 1651 habendam,
881 1594 976 1651 neque
995 1578 1041 1634 est
1063 1576 1164 1634 tumre

113 1664 242 1740 inbellis,
265 1669 301 1724 ut
323 1684 382 1724 non
404 1665 478 1725 forti
495 1668 614 1741 pectore
633 1665 767 1740 adverse,
790 1665 861 1724 dnm
877 1682 939 1723 non
959 1663 1128 1738 inhonesto,

80 1756 98 1811 2
116 1756 231 1813 toleret.
268 1754 392 1814 ndfimo
413 1754 480 1829 tibi,
503 1752 534 1813 G.
553 1754 639 1830 Mori,
661 1773 722 1813 non
745 1755 787 1813 sic
807 1772 904 1830 nuper
920 1755 1128 1831 repugnasset,

115 1845 142 1902 si
163 1845 250 1902 illum
272 1844 408 1902 tribunus
426 1844 570 1904 voluisset
589 1843 728 1902 occidere.
766 1861 861 1919 neque
880 1843 1032 1921 ignoravit
1050 1860 1127 1918 quoe

114 1935 269 1991 manerent
297 1951 366 1990 eum
387 1933 534 2008 pericula,
561 1936 629 1991 cum
652 1931 791 1992 obscenos
817 1931 923 1991 furiosi
945 1931 1128 2007 corruptoris

116 2022 268 2097 amplexus
287 2021 387 2099 gladio
406 2021 567 2080 divelleret.
604 2039 658 2079 neo
675 2020 769 2080 habeo
787 2039 858 2079 sone
882 2020 953 2096 quid
971 2021 1004 2078 in
1021 2020 1129 2095 milite,
1140 2036 1165 2078 ro

114 2113 290 2187 praesertim
311 2112 380 2185 tuo,
402 2108 534 2184 leudem,
562 2111 588 2169 si
610 2109 734 2186 pudicus
757 2112 803 2169 est
822 2112 957 2184 tentum,
983 2108 1056 2185 quis
1080 2127 1129 2166 ex·

115 2199 212 2275 pedit3
240 2217 294 2258 nec
317 2201 343 2258 si
370 2200 410 2259 sit
431 2199 513 2259 vitoe
541 2199 761 2274 cupidissimus,
786 2200 940 2275 poenitere
964 2217 1032 2256 eum
1055 2196 1129 2257 fecti

116 2290 162 2347 sui
189 2291 296 2364 potest.
342 2288 377 2346 de
404 2289 595 2347 interfectore
627 2289 808 2363 corruptoris
836 2287 962 2347 fortasse
994 2285 1128 2362 dubitem

114 2378 191 2435 illud
205 2379 308 2454 utique
326 2379 397 2454 scio,
415 2377 452 2436 de
469 2375 610 2453 inpudico
627 2376 725 2435 milite
742 2396 802 2436 non
821 2376 1019 2436 deliberasses.
1049 2377 1128 2435 hunc

187 2571 201 2616 1
221 2563 383 2618 fortioribus
402 2573 435 2617 Β
484 2562 583 2618 hebet:
602 2562 720 2618 heberet
737 2573 797 2630 Βη
815 2563 937 2618 hebetur
955 2571 987 2616 Β
1003 2564 1083 2633 (συντ.
1097 2582 1128 2616 ιι

114 2655 146 2707 in
164 2655 261 2723 ortorp.)
317 2653 396 2707 lebes
415 2671 449 2708 ese
466 2653 553 2707 hebes
573 2663 604 2706 Β
660 2654 735 2707 viem
753 2666 811 2718 sm:
829 2670 881 2708 oen.
895 2664 954 2716 αγσ
1022 2632 1128 2706 evin*

114 2734 143 2779 Β
197 2741 298 2778 novem
313 2733 349 2778 Β
417 2725 587 2792 ledfirmsjso
606 2734 634 2777 Β
702 2723 881 2779 btribunum
898 2723 1059 2806 imitentur:
1079 2722 1128 2777 tri-

114 2830 345 2885 bumimmittcnt‘
363 2842 392 2887 Β
480 2837 612 2900 lquam:
639 2832 715 2901 quod
733 2841 760 2884 P
833 2811 1011 2901 periclitnubb
1030 2838 1061 2883 Β

116 2943 150 2992 10
170 2937 291 2993 adferet:
311 2939 423 2995 auferet
439 2950 465 2994 1
523 2938 640 2994 fotunse
657 2948 686 2992 Β
748 2944 780 2992 11
800 2937 889 2992 ictum
905 2946 958 2991 BV
1014 2904 1129 2991 silenim

115 3054 154 3111 Β,
173 3047 186 3097 t
203 3057 310 3114 supro
401 3027 743 3115 absolvissemus)
831 3050 864 3098 12
887 3012 1039 3114 sulpunies
1058 3044 1130 3111 m

115 3127 224 3185 eorpus
297 3123 329 3170 13
352 3118 493 3171 meminit:
513 3118 627 3171 -eminit
644 3118 676 3171 ire
692 3134 748 3172 rae.
762 3126 791 3170 Β
808 3117 869 3185 (snt
885 3114 938 3184 δὴ
1011 3120 1046 3168 14
1064 3128 1129 3185 grs-

114 3223 357 3278 vissimo—bello
372 3233 462 3279 one?
508 3223 657 3294 gravisimo
672 3234 699 3277 Β
748 3230 781 3277 lb
795 3202 967 3295 procifitul
1024 3220 1130 3275 16141-

114 3345 205 3395 verse,
226 3330 305 3384 dum:
325 3330 529 3384 sdverssndnm
547 3340 575 3383 Β
643 3340 680 3384 no
699 3348 732 3384 ex
749 3335 788 3384 nir
806 3339 834 3384 Β
919 3332 953 3383 17
969 3307 1077 3382 tolellt
1094 3335 1129 3393 Β,

114 3412 223 3468 supro
287 3401 306 3455 C
329 3420 380 3457 om.
399 3411 420 3453 1·
486 3404 658 3471 repugnnset
675 3410 703 3455 Β
774 3407 807 3456 20
832 3401 967 3471 anplexue
986 3408 1015 3454 Β
1077 3399 1129 3453 mi·

115 3470 178 3525 lite:
202 3472 271 3526 mite
289 3481 317 3526 Β
401 3478 433 3526 21
453 3475 544 3525 tetum
563 3482 596 3539 Β,
615 3491 635 3525 n
652 3483 760 3541 supro
846 3479 879 3527 22
899 3470 1085 3542 cupidisimus
1104 3476 1132 3524 Β

110 3548 146 3595 24
169 3543 344 3598 deliberasse
362 3552 423 3597 Bo!
443 3546 520 3615 (corr.
536 3545 576 3613 m)
649 3544 735 3596 huuc:
754 3558 829 3597 nnnc
847 3552 880 3599 Ι
895 3547 973 3615 (corr.
987 3544 1029 3613 ιι)
