2408 3840
116 169 180 234 194
382 167 598 224 SEPVLCRVM
615 168 878 259 INOAN'I'ATVM·

114 337 279 396 audiebam.
316 340 424 398 misera
446 340 514 414 plus
536 338 662 413 perdidi,
685 340 819 399 sinemo
842 338 945 398 credit.
981 339 1044 396 iam
1061 355 1117 396 coe

113 445 216 502 peram
238 429 322 486 tuam
345 447 471 502 quoque,
493 429 601 486 marite
624 427 764 502 crudelis,
787 445 875 506 agere
898 444 1018 487 causam
1040 444 1118 502 roga·

113 515 241 590 bamque
263 518 413 591 iuvenem,
439 519 474 574 ut
494 517 627 592 paternis
650 516 743 576 oculis
766 534 884 592 quoque
907 516 1004 576 luctus
1027 533 1118 575 cocur-

113 607 201 679 reret,
224 608 255 664 et
276 605 342 680 tibi,
364 608 491 683 ingrate,
514 605 638 664 dimidia
660 607 747 665 nocte
770 604 918 665 cedebam
953 606 1016 664 iam
1038 606 1120 664 miser

114 695 145 752 et
162 695 213 752 ille
231 694 435 769 pollicebatur,
472 695 544 754 haec
562 714 609 753 me
627 694 736 754 fiducia
753 693 893 769 perdidit,
912 696 948 752 ut
966 692 1120 753 confiterer.

114 801 196 859 rogo,
220 783 292 858 quid
309 786 373 842 tam
391 782 542 858 muliebre,
565 782 636 858 quid
658 785 723 842 tam
740 785 909 843 maternum
925 782 991 841 fieri
1007 778 1121 858 potest?

115 866 245 948 ‘gaude’,
260 873 367 948 inquit,
383 867 509 948 ‘marita
524 872 628 949 gaude,
642 871 739 930 filium
753 873 879 932 fortasse
892 873 980 932 nocte
992 870 1122 947 proxima

114 961 237 1020 videbis.
280 961 366 1019 illum
390 980 479 1036 quem
502 961 669 1021 crudelibus
690 961 818 1020 flammis
841 961 988 1036 exussisti,
1011 979 1047 1019 ex
1069 978 1121 1035 quo

115 1052 226 1109 eineres
250 1052 280 1108 et
303 1069 370 1109 ossa
392 1053 560 1126 supersunt,
581 1052 721 1110 iuuenem
742 1049 857 1110 videbis
880 1052 912 1108 et
932 1049 1010 1109 forte
1037 1050 1122 1108 etiem

115 1139 162 1197 die
191 1158 297 1215 speres.
344 1158 399 1217 ego
427 1142 505 1198 certe
537 1140 609 1198 totis
636 1139 772 1198 noctibus
801 1139 898 1197 mater
926 1157 1006 1212 sum,
1033 1138 1133 1210 video:

114 1228 208 1301 fruor,
235 1228 296 1285 iam
323 1230 354 1286 et
380 1224 488 1286 narro'
536 1230 649 1286 exitum
672 1227 790 1303 paterni
813 1227 934 1287 affectus
963 1223 1122 1303 quaeritis?

114 1316 210 1374 filium
233 1316 332 1375 videre
354 1318 466 1375 timuit.

81 1409 96 1464 7
185 1404 234 1464 Sic
256 1424 378 1483 magum
400 1409 535 1482 protinus
558 1406 657 1465 nescia
679 1407 775 1464 matre
798 1405 881 1464 cuius
903 1404 1025 1465 horrido
1048 1423 1122 1463 mur

115 1514 198 1552 mure
221 1495 446 1570 imperiosisque
464 1495 562 1554 verbis
584 1495 627 1553 dii
645 1496 745 1570 superi
763 1492 926 1569 'manesque
944 1495 1123 1570 torquentur,

117 1585 301 1660 excogitator
327 1585 384 1643 iste
411 1584 516 1643 mortis
544 1584 667 1642 alterius
700 1583 839 1657 advocat,
866 1601 926 1642 uon
953 1585 989 1641 ut
1015 1583 1133 1642 exoratit

116 1690 217 1730 manes
246 1671 467 1748 deducerentur,
493 1691 548 1732 neo
570 1675 605 1731 ut
632 1675 756 1731 evocate.
782 1673 935 1732 nocturnis
963 1671 1121 1730 ululatibus

116 1761 310 1836 undecunque
337 1761 444 1820 umbra
474 1763 661 1838 properaret,
693 1761 744 1820 sed
770 1763 925 1836 tamquam
951 1779 1059 1837 perum
1084 1778 1121 1820 se

116 1849 220 1925 pulcra
242 1853 411 1925 premerent
429 1852 459 1909 et
476 1851 661 1909 tumulorum
683 1850 748 1909 leve
766 1850 881 1925 pondus
901 1852 987 1912 esset.
1018 1843 1121 1921 ‘filius',

116 1941 224 2014 iuquit,
240 1934 333 1998 ‘meus
347 1958 407 1998 non
421 1940 494 1998 satis
512 1940 611 2014 periit,
626 1939 721 1997 adhuc
739 1939 855 2016 fulgore
869 1938 1001 1998 siderum
1020 1939 1122 1997 fruitur

117 2031 147 2087 et
175 2031 262 2087 nocte
289 2031 399 2087 nostre.
445 2048 515 2087 nam
543 2047 610 2087 cum
637 2028 700 2087 dies
727 2027 848 2104 oceidit,
879 2027 1010 2102 imponit
1039 2026 1133 2085 mortii

117 2136 186 2176 suae
214 2117 315 2190 finem,
344 2117 464 2176 domum
491 2119 601 2191 repetit
628 2119 657 2174 et
680 2118 831 2176 maternos
857 2117 979 2175 territat
1004 2133 1120 2175 somnos

116 2208 219 2265 inveni
242 2206 356 2281 aliqua,
378 2207 480 2264 inveni
503 2206 602 2265 vincla
624 2205 793 2279 verborum,
821 2206 872 2265 sed
895 2207 960 2264 erte
982 2207 1057 2280 tota,
1077 2201 1121 2263 sed

116 2295 218 2354 labore
246 2298 318 2354 toto.
365 2314 475 2373 magna
498 2296 551 2352 tua
574 2294 670 2371 gloria
692 2296 750 2368 est,
776 2295 804 2353 si
825 2295 934 2353 retines
960 2292 1057 2353 filium
1078 2292 1121 2369 qui

116 2384 195 2443 redit
218 2385 309 2443 etium
332 2402 350 2441 a
368 2386 463 2442 morte
486 2384 524 2442 ad
546 2378 692 2442 matrem?

183 2473 313 2531 Nerium
327 2473 463 2547 sepulcro
478 2472 680 2531 circumdatur
698 2489 824 2531 carmen.
855 2474 927 2530 tunc
939 2469 1133 2530 horrentibus:

117 2561 215 2619 verbis
242 2580 318 2619 urna
345 2561 555 2636 praecluditur,
582 2563 656 2620 tunc
683 2560 812 2636 primum
833 2560 924 2619 miser
947 2559 1030 2619 filius
1051 2574 1120 2618 mou

118 2653 148 2708 et
170 2650 276 2708 umbra
302 2650 344 2708 fit.
389 2652 431 2709 ite
454 2669 532 2708 nunc
556 2651 587 2708 et
611 2651 717 2726 putate
740 2667 818 2708 vana
842 2649 934 2708 fuisse
956 2649 1062 2709 matris
1083 2665 1120 2707 so

117 2740 202 2797 lucia.
247 2738 343 2796 filium
368 2739 428 2797 ista
455 2742 481 2798 si
508 2738 739 2816 cogitationibus
772 2740 803 2797 et
828 2737 912 2796 inani
939 2738 1121 2815 persuasione

118 2828 249 2903 vidisset,
273 2827 367 2886 adhuc
390 2828 511 2887 videret.

190 2969 205 3015 2
223 2965 303 3016 tuam
321 2979 395 3031 supr.
410 2971 438 3014 Β
498 2967 513 3014 3
532 2961 627 3016 iuveni
644 2971 672 3014 Β
732 2967 749 3013 4
768 2959 879 3030 ingrate
896 2962 958 3029 tota
977 2960 1126 3014 dimidiu

119 3041 134 3087 5
154 3034 287 3087 confitear
304 3042 329 3086 J
399 3039 414 3086 6
434 3033 560 3100 quitum
577 3031 714 3086 muliebre
733 3040 784 3084 MS
801 3034 933 3101 (comm)
1007 3037 1023 3086 8
1042 3033 1071 3086 et
1086 3029 1124 3083 ior

119 3112 181 3159 oute
204 3104 284 3158 illum
303 3104 367 3159 odd.
383 3114 416 3170 P,
439 3105 489 3158 dcl.
503 3107 610 3158 mou3
686 3102 802 3156 exusieti
819 3113 858 3170 Βς
881 3102 1032 3173 exinanisti
1050 3110 1082 3156 Ι

120 3183 152 3230 10
171 3176 238 3229 totis
257 3193 307 3230 om.
323 3184 360 3242 Β,
380 3176 444 3230 odd.
458 3197 490 3228 m
561 3174 747 3256 noctibusque
766 3183 799 3227 Β
857 3173 989 3240 νίᾶοοτρ
1051 3179 1082 3227 11
1100 3172 1125 3226 u

118 3282 234 3318 narrans
252 3265 293 3318 cel
311 3266 340 3317 et
358 3265 425 3318 dum
443 3280 525 3318 narro
544 3264 603 3319 Sub.
683 3269 715 3317 13
734 3279 867 3331 maguam
884 3271 913 3315 Β
992 3269 1026 3317 14
1044 3261 1087 3316 diu
1102 3266 1126 3313 Ι

120 3344 152 3389 15
176 3336 301 3407 εκξοτπὶ
320 3335 349 3405 (h
366 3337 413 3404 er.)
432 3345 460 3388 Β
530 3340 564 3388 20
587 3337 616 3388 et
632 3336 696 3389 tota
715 3336 798 3389 nocte
820 3336 916 3388 nostra
933 3344 959 3388 J
1027 3331 1126 3388 occidit

119 3410 148 3461 ic
163 3425 216 3462 rus.
228 3417 255 3461 Β
316 3412 349 3459 22
368 3406 463 3460 iuveni
479 3405 587 3474 aliqua:
606 3405 701 3459 inveni
719 3405 771 3459 ali-
789 3406 821 3459 iu
833 3413 927 3460 roan
989 3409 1023 3459 28
1040 3401 1126 3474 glori·

118 3482 169 3532 tua
187 3491 202 3543 c
278 3484 312 3531 24
331 3478 368 3532 ad
386 3479 504 3532 mortem
523 3489 544 3531 o
617 3482 650 3530 25
670 3476 848 3546 sepulchrum
865 3485 919 3529 ΒΥ
986 3474 1125 3531 ciromds·

115 3552 163 3604 tur
178 3559 209 3604 Β
280 3554 313 3604 26
333 3547 420 3605 filius:
438 3549 517 3605 illius
535 3561 555 3602 o
624 3553 658 3602 28
677 3546 1053 3617 siom.1,eupr.n;uiui
1069 3554 1097 3601 Ι
