2408 3840
455 165 688 222 DECLAMATIO
707 165 765 220 XII.
1051 165 1117 231 3⁷79

96 338 296 412 frumentum,
319 337 390 413 quia
409 337 511 396 classis
534 337 617 395 venit
634 337 667 394 in
684 337 813 410 portum.
859 336 903 394 ita
925 354 978 394 vos
1002 335 1117 395 alienae

98 427 237 486 civitatis
266 426 399 503 legatum
420 427 555 485 misimus
584 427 614 484 et
636 425 802 483 vicinorum
832 423 945 484 deliciis
975 425 1119 484 morimur

98 515 284 574 innocentes.
329 515 462 592 legatum
484 515 618 573 nostrum
642 532 730 589 quem
752 515 925 588 creavimus,
947 515 1010 571 iam
1032 514 1118 573 dinu-

99 603 226 664 meratis
248 604 430 680 temporibus
459 622 536 678 quae
563 602 683 662 secundi
710 604 792 661 venti
814 603 952 661 breviora
975 603 1117 678 fecerunt,

70 691 215 754 scotidie
232 710 393 769 speramns,
416 710 470 751 neo
488 692 574 766 redit,
598 710 665 750 eum
682 693 785 767 possit.
831 693 891 766 ipsi
913 710 983 769 ergo
1007 691 1118 751 dietam

101 783 308 842 calamitatem
339 783 464 858 imputo.
514 783 633 857 poteras
666 780 763 839 dicere
796 779 904 855 quibus
934 781 1118 839 frumentum

100 870 265 930 vendebas:
288 872 323 928 ut
341 872 471 930 vestram
490 870 643 928 civitatem
666 888 788 944 servem,
811 888 908 928 meam
928 871 1037 928 everto.
1083 873 1117 928 tn

101 959 196 1036 duplo
214 960 396 1018 frumentum
414 958 517 1018 vendis
536 961 566 1017 et
579 959 635 1017 hoc
648 957 730 1017 lucro
749 959 895 1034 populum
910 960 996 1017 tuum
1009 959 1117 1034 perdis.

101 1050 176 1108 dum
198 1049 323 1108 moraris
345 1047 512 1121 vendendo,
536 1047 733 1106 acceleramus
756 1047 918 1106 moriendo.
964 1047 1016 1106 sed
1038 1047 1118 1106 dices

57 1159 87 1198 ro
101 1139 218 1198 forsan:
241 1136 299 1197 nisi
322 1136 520 1197 vendidissem
542 1136 621 1195 fame
644 1135 793 1195 laboranti
812 1137 937 1211 civitati,
960 1136 1057 1210 timui,
1080 1156 1118 1196 ne

98 1228 228 1302 raperet.
267 1220 320 1305 [it]
333 1227 379 1284 ita
396 1227 500 1301 utique
519 1242 662 1301 occupare
675 1224 807 1299 voluisti,
821 1227 855 1283 ut
872 1226 958 1285 nobis
976 1226 1118 1284 iniuriam

99 1320 136 1375 tu
158 1315 346 1390 potissimum
376 1315 495 1374 faceres.
548 1333 585 1373 ne
610 1332 663 1372 nos
692 1313 868 1390 periremus,
897 1334 958 1373 non
980 1315 1118 1373 timuisti.

99 1406 215 1481 partire
233 1404 352 1463 deberes
367 1406 409 1463 eis
428 1403 531 1480 gratis,
549 1403 621 1461 dum
634 1402 719 1462 nobis
739 1403 854 1478 aliquid
873 1422 932 1480 quo
949 1398 1117 1481 res<p>ire·

100 1512 182 1568 mus,
215 1493 342 1552 afferres.
394 1492 547 1552 fortunam
578 1491 697 1551 deberes
730 1492 880 1551 dimittere
909 1492 1005 1552 facere
1038 1492 1117 1567 quod

58 1603 85 1645 rs
100 1583 201 1642 vellet.
241 1581 358 1659 legatus
378 1583 571 1658 apraeoepto
593 1600 654 1640 non
677 1580 807 1640 debuisti
824 1581 966 1640 recedere.
1008 1583 1117 1640 referre

100 1671 231 1730 debuisti
244 1671 329 1731 nobis
342 1672 486 1729 iniuriam
498 1672 640 1744 nostram,
658 1671 777 1729 mittere
794 1672 928 1745 nuntios,
946 1672 993 1729 ira
1007 1672 1117 1730 famem

100 1760 293 1834 differremus,
316 1779 485 1836 raperemus
508 1760 639 1818 mentes
663 1777 761 1834 arma,
785 1758 816 1817 in
839 1759 1023 1819 obsidionem
1046 1759 1116 1820 civi·
1186 1760 1189 1768 '

98 1849 175 1908 tatis
197 1850 319 1922 iremus,
347 1851 533 1909 vastaremus
555 1847 678 1907 interim
706 1847 791 1922 fines,
821 1868 875 1924 per
905 1849 1003 1907 aliena
1029 1851 1118 1924 prata

100 1955 297 2014 pasceremur,
319 1937 431 1996 bellum
453 1956 507 1997 nos
530 1938 631 1996 aleret.
678 1938 766 1997 eitius
785 1937 824 1996 ad
846 1939 1028 1996 frumentum
1051 1957 1116 2013 per·

58 2048 86 2088 no
101 2027 269 2087 veniremus
289 2047 379 2104 quam
392 2029 427 2084 tu
440 2045 508 2085 oum
526 2026 675 2085 frumento
694 2026 814 2085 redires.
850 2027 981 2085 hostium
995 2026 1117 2084 tandem

101 2115 295 2176 cadaveribus
318 2117 499 2190 viveremus,
527 2114 578 2174 sed
602 2115 687 2174 nulla
713 2116 758 2175 vis
782 2114 853 2187 fuit,
882 2115 966 2173 nulla
989 2116 1117 2174 exterior

100 2205 221 2279 iniuria,
239 2205 338 2264 nullus
357 2204 415 2264 sibi
433 2205 505 2263 fecit
518 2204 667 2262 iniuriam.
704 2204 801 2262 adhuc
819 2205 845 2262 si
863 2221 967 2279 rapere
987 2204 1117 2262 alienum

100 2295 285 2353 frumentum
303 2297 334 2353 et
350 2296 476 2370 possunt
489 2295 519 2351 et
537 2295 651 2367 volunt,
670 2292 742 2369 quid
759 2293 805 2351 ita
819 2291 942 2367 duplam
959 2295 1117 2369 pecuniam

101 2380 242 2442 solvunt?
286 2401 356 2441 nam
374 2384 452 2442 siout
468 2384 502 2441 in
519 2401 630 2459 magna
648 2383 749 2456 inopia
769 2381 912 2458 quioquid
930 2384 988 2440 emi
1008 2384 1116 2458 potest,

61 2472 162 2532 nevile
184 2474 242 2544 est,
271 2473 316 2530 ita
343 2490 410 2531 cum
432 2473 528 2548 possis
555 2471 663 2530 hebere
691 2473 870 2548 gratuitum,
900 2470 991 2546 duplo
1015 2489 1117 2530 carum

102 2562 155 2621 est.
201 2560 252 2620 sed
274 2560 349 2619 mihi
372 2561 494 2636 credite,
520 2562 601 2619 color
622 2561 679 2618 iste
702 2560 862 2636 patrocinii
889 2562 934 2620 est
958 2564 987 2619 et
1010 2560 1062 2618 diu
1084 2562 1116 2619 in

100 2651 204 2710 saturo
224 2651 285 2708 otio
304 2650 437 2729 cogitata
456 2649 596 2709 defensio.
640 2648 786 2724 numquid
805 2650 863 2708 fuit
882 2649 988 2708 similis
1007 2646 1116 2709 fames?

101 2757 162 2797 non
191 2739 288 2798 solum
318 2741 398 2798 enim
426 2740 494 2798 sata
519 2738 571 2797 sed
598 2738 690 2796 etiam
719 2740 820 2813 empta
849 2757 903 2798 nos
930 2740 1041 2798 fallunt
1063 2739 1117 2815 qui

101 2830 205 2887 nostra
227 2829 362 2904 pecunia,
385 2829 487 2887 nostra
510 2827 612 2900 classe,
635 2828 737 2885 nostro
760 2827 870 2904 legato,
892 2832 993 2888 nostro
1017 2829 1116 2902 vento,

59 2935 87 2976 eo
100 2916 272 2976 felicissimo
296 2935 382 2976 cursu
400 2918 596 2975 commeatum
613 2916 715 2973 tamen
733 2915 923 2990 perdidimus.
965 2916 1049 2975 nulla
1072 2919 1117 2976 est

101 3024 172 3083 ergo
196 3023 286 3065 causa
308 3025 398 3081 quam
420 3005 516 3082 fingis,
541 3004 625 3062 nulla
648 3005 695 3063 vis
717 3003 789 3078 fuit,
813 3005 864 3063 sed
887 3007 991 3080 sponte
1013 3005 1115 3065 vendi·

100 3095 174 3154 disti
196 3097 239 3169 et,
268 3094 338 3171 quia
361 3094 457 3154 adhuc
486 3094 639 3169 supererat
660 3095 791 3168 tempus,
823 3093 917 3152 obiter
945 3094 1116 3170 negotiatus

101 3202 140 3243 es.
186 3184 376 3257 frumentum,
399 3185 508 3259 inquis,
533 3183 624 3259 duplo
647 3182 768 3241 vendidi
792 3186 821 3241 et
840 3182 964 3258 duplum
986 3184 1115 3258 reporto.

101 3275 227 3347 omiser,
241 3273 387 3350 naufrago
396 3272 531 3332 tabulam
545 3271 704 3344 abstulisti,
718 3274 836 3330 mortuo
851 3271 984 3346 applicas
999 3291 1115 3331 navem.

59 3381 87 3424 as
102 3361 227 3438 duplum
244 3364 302 3422 est:
317 3361 442 3421 infunde
455 3362 487 3419 in
505 3362 650 3438 sepulcra,
665 3359 721 3419 ubi
737 3363 810 3420 sunt
823 3362 880 3438 uui
892 3361 1133 3419 mandaverunt.

94 3451 271 3507 miseramus
289 3452 318 3508 te
342 3469 439 3511 emere
461 3471 525 3512 non
543 3452 688 3515 vendere.
727 3452 908 3513 vendidisti
922 3452 958 3509 et
971 3464 1035 3506 nos
1049 3441 1157 3517 iffi*

82 3534 160 3589 nee
208 3535 334 3611 duplum
359 3542 509 3621 aruns,
533 3547 593 3608 see
616 3547 688 3609 nus
714 3547 776 3625 qu
796 3529 1104 3624 messanensis·
