2408 3840
136 156 199 218 182
537 155 745 211 GLADIA'POR·

133 325 287 381 manitatis
315 324 438 383 civicam
466 326 593 401 gloriam
619 328 785 401 periturum
811 325 975 397 hominem,
1004 324 1068 383 sive
1092 323 1136 381 ille

133 413 289 490 naufragio
318 414 426 472 eiectus
455 416 516 472 sive
544 415 688 489 spoliatus
716 414 851 473 incendio
882 413 944 486 sive
973 415 1079 472 exutus
1100 413 1137 470 la-

132 502 259 560 trocinio
288 505 364 577 erat,
397 505 522 561 naturae
553 504 727 578 patriaeque
758 503 885 562 restitui.
930 502 1017 577 paria
1046 494 1138 560 tecum

134 591 220 665 facio,
243 591 409 665 respublica
428 610 504 666 quae
527 594 649 667 propter
670 611 717 650 me
740 612 833 650 unum
851 591 946 650 civem
964 589 1136 666 perdideras.

133 679 205 737 haec
227 700 274 738 me
299 681 394 758 magis
413 681 495 739 decet
517 681 652 756 impensa
670 700 761 756 quam
778 681 868 741 vestis
892 682 1058 757 argentum
1094 679 1138 737 ubi
1159 695 1167 736 1

132 768 257 843 pecunia
279 769 386 828 melius
414 771 485 844 poni
511 772 610 844 potest
638 789 729 845 quam
756 770 810 828 ubi
840 770 906 828 laus
934 770 1062 842 emitur,
1092 767 1138 826 ubi

132 859 236 916 faenus
260 859 403 916 bonitatis
428 857 615 917 extenditur?

80 947 115 1001 17
198 947 308 1024 Magna
337 948 516 1006 conscientia
544 951 589 1006 est
619 947 795 1006 felicitatem
827 947 977 1006 meruisse.
1023 948 1138 1023 ignotus

132 1054 202 1094 sane
226 1039 266 1094 sit
284 1037 314 1094 et
333 1037 454 1111 alienus,
479 1036 550 1113 quid
572 1037 663 1094 fuerit
681 1039 759 1111 ante,
781 1055 841 1095 non
860 1055 980 1111 quaero,
1002 1036 1139 1111 posthoc

133 1125 189 1182 erit
214 1125 333 1184 amicus.
380 1128 410 1184 et
432 1126 558 1200 hercule,
583 1144 641 1199 quo
665 1127 791 1200 quisque
813 1126 881 1200 plus
903 1127 1004 1200 potest
1028 1140 1138 1199 quoque
1149 1141 1168 1181 11

132 1215 222 1271 latius
245 1216 330 1289 patet
353 1214 391 1272 ad
412 1214 559 1288 incursus,
587 1214 643 1273 hoc
665 1215 760 1292 magis
790 1215 921 1292 cogitare
944 1212 1033 1272 debet
1055 1215 1139 1288 atque

132 1303 275 1377 respicere
298 1303 496 1377 quantumin
519 1322 572 1362 nos
595 1305 732 1362 fortunae
758 1323 883 1380 regnum
905 1302 959 1375 sit,
988 1319 1078 1376 quam
1099 1304 1139 1359 in·

133 1391 234 1449 stabili
256 1392 323 1450 sede
346 1392 476 1450 humana
499 1393 670 1450 consistant.
707 1411 766 1451 non
790 1411 837 1449 me
861 1394 968 1449 aurata
990 1391 1139 1465 laquearia

131 1499 184 1538 nec
206 1481 357 1539 radiantes
380 1500 526 1539 marmore
549 1482 702 1540 columnae
726 1500 778 1539 nec
802 1498 906 1558 graves
929 1482 1048 1538 crustae
1070 1480 1138 1537 fece·

130 1572 192 1626 rint
214 1571 414 1628 immemorem
437 1571 619 1646 fragilitatis.
665 1570 761 1629 multa
783 1587 870 1644 saepe
894 1571 924 1627 et
946 1568 1139 1643 locupletibus
1150 1583 1169 1624 11

132 1657 278 1732 accidunt,
301 1677 388 1734 saepe
411 1661 443 1716 in
465 1661 559 1717 imum
582 1676 696 1717 summa
720 1658 867 1717 decidunt.
908 1677 962 1735 ego
985 1657 1050 1716 vidi
1071 1675 1138 1733 pau·

130 1765 231 1822 perem
250 1748 361 1805 auxilia
380 1748 467 1807 diviti
486 1749 636 1806 ferentem.
674 1748 725 1806 sed
743 1766 813 1806 sane
832 1745 988 1821 superbius
1007 1746 1138 1805 aestimet

131 1835 264 1894 miserias
287 1837 377 1913 longa
405 1837 532 1895 felicitas
557 1840 587 1895 et
609 1837 739 1895 alienum
762 1854 863 1895 casum
890 1835 979 1893 facile
1000 1835 1140 1910 despiciat

132 1943 249 1983 securus
277 1927 335 1983 sui:
363 1945 431 2003 ego,
455 1927 591 2000 quotiens
620 1924 730 1983 auxilia
756 1924 936 1983 calamitatis
965 1926 1067 1999 petere
1090 1923 1138 1981 ali·

132 2034 219 2088 quem
242 2014 341 2088 video,
370 2034 429 2073 non
456 2032 577 2089 possum
599 2033 658 2073 non
681 2014 794 2072 moveri
816 2015 936 2071 fortuna
959 2031 1035 2071 mea.
1081 2027 1169 2071 suc-ai

132 2104 224 2161 currit
250 2104 324 2162 mihi
351 2106 490 2162 continuo
522 2106 639 2178 tempus
667 2103 742 2160 illud
774 2122 832 2177 quo
864 2102 927 2176 ipse
954 2102 1138 2160 clementiam

132 2193 280 2267 optabam.
316 2194 435 2268 ignosce
457 2195 552 2267 pater,
576 2195 601 2250 si
624 2192 742 2267 penitus
762 2192 860 2249 animo
879 2209 944 2249 meo
968 2190 1017 2249 hic
1036 2189 1139 2250 insedit

132 2281 261 2340 affectus.
309 2300 407 2340 amare
430 2281 662 2339 misericordiam
683 2283 772 2339 miser
796 2279 886 2354 coepi.

200 2366 268 2428 ‘Sed
287 2366 445 2443 inimicus',
466 2371 574 2444 inquit,
594 2365 687 2427 ‘meus
707 2364 770 2428 est'
808 2388 880 2426 num
900 2369 966 2442 quis
985 2386 1040 2427 nos
1059 2370 1137 2426 tanto

132 2478 219 2532 opere
242 2460 390 2534 laudaret,
419 2461 512 2534 pater,
540 2460 566 2518 si
588 2459 642 2517 hoc
666 2459 761 2517 amico
788 2454 1028 2532 praestaremus?
1073 2458 1137 2514 haec
1149 2467 1169 2509 11

132 2552 177 2606 est
205 2548 379 2606 celebranda
401 2550 508 2622 virtus,
537 2549 609 2606 haec
638 2548 730 2605 animi
759 2546 944 2622 suscipienda
970 2546 1139 2616 moderatio,

132 2640 247 2695 vincere
274 2639 350 2695 iram
385 2640 415 2695 et
446 2639 524 2695 inter
552 2637 718 2695 simultates
746 2655 863 2711 quoque
894 2634 1065 2694 meminisse
1093 2636 1138 2693 ho·

833 2821 935 2875 oliatus
954 2830 986 2886 111
1061 2826 1076 2874 3
1095 2835 1139 2873 na·

206 2830 218 2876 1
239 2824 380 2877 hominem
399 2841 449 2878 11111.
464 2833 498 2890 Β,
517 2834 624 2906 supra
696 2829 711 2875 2
732 2839 779 2876 seu
799 2839 831 2933 sp

133 2897 224 2948 turae:
244 2896 373 2948 fortunae
392 2895 451 2950 aaa.
525 2894 1013 2961 411111111111111.(1111.1)Β
1083 2909 1139 3016 per·

133 2967 213 3019 deras
232 2976 266 3032 Β,
286 2967 315 3019 di
333 2983 407 3034 supr.
424 2977 441 3019 1
513 2972 528 3018 1
553 2967 726 3034 argentum
718 2965 758 3031 ilii
777 2980 862 3032 quam
881 2980 993 3030 aurum,
1015 2963 1066 3017 ubi
1096 2979 1139 3016 aus

132 3040 370 3106 ect(ccpm)t1
440 3043 455 3089 6
479 3054 563 3105 quam
587 3037 636 3089 ubi
659 3036 721 3090 laus
740 3037 842 3089 emitur
860 3040 925 3104 post
942 3037 1091 3104 argentum
1109 3055 1139 3091 ως

132 3114 236 3177 11111111).
254 3109 301 3162 Gr.
383 3114 397 3160 1
422 3109 579 3162 ostenditur
596 3118 621 3160 J
698 3112 715 3161 8
739 3107 862 3175 quesisse
881 3116 911 3172 J,
928 3105 1093 3160 meruisses

132 3179 245 3249 ignotus
265 3196 331 3233 sane
351 3180 399 3233 eit:
419 3180 532 3250 ignotus
552 3179 642 3232 sitne
661 3178 744 3232 situ
809 3176 968 3230 9aliue11
1039 3182 1071 3231 12
1090 3176 1139 3229 for·

132 3251 245 3305 tunae
237 3269 268 3304 m
285 3268 335 3304 noe
354 3261 385 3304 M
451 3267 548 3319 quam:
568 3250 644 3320 quod
663 3260 689 3302 P
755 3248 893 3302 stabilit
962 3248 1140 3302 1311111111

133 3325 188 3377 Bu
246 3328 278 3376 14
298 3322 498 3391 columpnae!
550 3327 581 3375 11
602 3321 788 3374 auxiliamur
790 3321 913 3374 -1111111,
927 3328 955 3372 Β
1004 3324 1039 3373 10
1056 3318 1145 3373 vidi}

134 3399 166 3446 21
187 3393 256 3447 mihi
276 3411 325 3449 om.
341 3404 375 3460 Β
394 3411 468 3462 supr.
485 3404 502 3446 1
573 3391 645 3445 illud
664 3393 714 3446 dcl.
730 3393 785 3445 Β11.
858 3396 891 3443 22
911 3390 1045 3445 obtabam
1064 3399 1096 3444 J!

134 3470 168 3516 24
192 3483 259 3517 num
279 3467 369 3519 Desa:
394 3481 460 3518 nam
479 3488 501 3518 ω
591 3469 624 3517 26
648 3465 703 3516 est:
723 3463 798 3516 enim
817 3470 843 3514 Β
932 3462 1034 3517 animia
1053 3463 1141 3524 Dess3

131 3549 255 3589 amicis
