2408 3840
154 147 220 211 370
433 142 625 200 exosam
642 140 887 198 MONAOENSIA.

152 335 218 375 oum
242 314 416 391 gladiatore.
463 332 517 391 ego
540 315 669 372 tremens
687 312 819 371 duellum
836 312 965 390 inspicio
988 314 1019 371 et
1037 314 1168 390 singrdos

151 404 227 463 ictus
252 422 324 479 quos
347 404 399 461 ille
423 403 597 479 perferebat
638 400 712 460 mihi
734 401 835 461 illatas
862 404 1006 478 reputans
1028 402 1170 462 imitabar

152 496 251 571 gestus
282 495 353 551 eius.
398 493 532 551 mortuus
562 493 608 550 est
637 509 706 569 ergo
737 493 767 549 et
796 510 864 550 aum
893 492 1005 550 viatico
1036 491 1117 566 quod
1145 493 1171 550 ei

151 582 346 657 superfuerat,
374 600 428 658 ego
452 600 517 640 sum
539 597 681 639 reversus.
727 582 844 656 patrem
867 582 1003 658 egentem
1026 580 1107 639 11111
1125 598 1170 638 me

150 673 277 748 rogavit.
319 689 398 728 nunc
426 688 496 746 ergo
525 689 572 728 me
599 687 764 743 reversum,
793 671 866 745 quia
892 672 1012 746 patrem
1035 672 1195 747 egentema

151 761 213 835 alo,
240 780 287 818 me
315 759 434 818 abdicas
467 763 497 817 et
528 758 619 817 abicis
648 775 666 816 a
693 757 794 832 domo,
824 758 1048 836 ingratissimus
1078 761 1171 834 pater.

150 849 243 925 pudet
275 866 445 907 enumerare
474 847 680 907 calamitatum
709 865 842 906 mearum
871 846 996 924 gradus,
1031 847 1170 923 piratam,

150 939 304 1010 lanistam,
333 939 458 1013 patrem.
504 937 530 994 si
558 936 634 994 mihi
662 935 772 996 obicias
803 936 883 1011 quod
912 936 1055 995 amabam
1085 937 1170 994 illum

150 1028 202 1102 qui
229 1026 380 1104 gladiator
406 1027 477 1099 fuit,
506 1026 539 1083 in
565 1025 621 1083 hoc
652 1025 745 1084 obicis
771 1025 847 1083 mibi
878 1025 958 1100 quod
987 1025 1099 1084 vivam.
1145 1027 1170 1084 si

149 1118 258 1174 iterum
278 1115 388 1173 obicias
408 1133 461 1173 cur
478 1113 609 1173 dilexisti
626 1113 722 1172 filium
735 1115 850 1172 inimici
867 1115 936 1189 mei,
955 1133 1017 1173 non
1034 1117 1170 1190 poteram
1183 1134 1202 1174 ro

150 1205 245 1264 odisse
274 1205 326 1279 qui
353 1223 400 1262 me
427 1204 546 1262 tantum
573 1203 708 1277 amabat,
734 1205 826 1262 immo
855 1221 888 1262 11
919 1202 1000 1279 quod
1028 1203 1086 1263 hoc
1107 1207 1169 1263 taur

149 1313 250 1351 rarum
269 1294 322 1366 est,
345 1296 379 1351 ut
396 1292 492 1350 filium
509 1292 624 1350 inimici
641 1293 736 1368 patris
762 1294 828 1367 quis
847 1294 934 1367 amet,
953 1294 1057 1368 ipsum
1075 1295 1168 1370 magis

149 1382 294 1441 amabam.
335 1383 497 1458 praeterea,
520 1401 587 1440 cum
610 1382 647 1440 ab
670 1381 799 1439 infantia
817 1399 871 1440 nos
894 1382 937 1440 sio
960 1383 1168 1455 amaverimus,

148 1489 300 1544 nunquam
328 1471 403 1530 alias
430 1489 518 1547 super
547 1471 603 1529 hoo
625 1472 720 1530 iratus
744 1489 774 1529 es
797 1470 884 1544 mihi,
914 1472 977 1530 nisi
999 1490 1081 1530 nunc
1102 1474 1168 1548 post

147 1562 300 1635 receptum
327 1559 545 1618 inaestimabile
572 1558 746 1618 beneficium
769 1561 871 1633 amici,
897 1559 930 1617 in
958 1579 1019 1634 quo
1046 1577 1201 1663 appareas

147 1650 375 1724 ingratissimus
422 1649 575 1708 considera
598 1668 668 1726 ergo
687 1668 848 1724 pauperem
869 1650 962 1708 istum
984 1668 1048 1708 non
1071 1651 1166 1708 inimi·

148 1757 217 1795 oum
247 1737 298 1796 sed
328 1740 445 1840 patrem
474 1740 571 1797 amici.
628 1756 663 1796 ex
692 1740 819 1797 miseriis
854 1756 927 1812 quas
957 1756 1157 1814 passussum

148 1826 239 1885 didici
261 1829 376 1886 miseris
397 1829 530 1886 misereri
553 1830 584 1886 11
605 1829 734 1886 maxime
753 1829 848 1885 amieo
866 1829 899 1883 in
920 1846 1057 1902 paupere
1076 1831 1164 1904 patre.

147 1916 197 1975 sed
217 1917 307 1975 diaes:
325 1919 464 1975 inimicus
482 1936 564 1976 meus
584 1919 636 1975 est.
665 1916 715 1976 sed
735 1914 888 1975 considera
906 1916 987 1992 quod
1007 1919 1055 1976 est
1072 1918 1162 1989 homo,

147 2006 226 2080 quod
248 2007 336 2080 pater
359 2007 455 2085 amici.
501 2025 577 2080 quaa
600 2006 674 2079 laus,
698 2007 724 2065 11
747 2007 843 2064 amico
860 2004 935 2063 bene
958 2005 1047 2080 facis,
1070 2007 1120 2066 sad
1139 2007 1194 2064 siro

145 2096 206 2152 tuis
230 2094 335 2168 opibus
359 2096 435 2153 vivit
457 2095 603 2153 inimicus.
648 2095 697 2153 hic
720 2095 798 2152 iacet
815 2095 880 2152 laus
898 2096 962 2152 tua.
1009 2114 1083 2154 nam
1104 2113 1159 2173 ego,

146 2184 171 2241 si
195 2184 266 2259 quid
288 2185 321 2241 in
347 2186 463 2259 patrem
487 2185 646 2242 servatoris
673 2185 736 2254 mei
760 2184 892 2256 confero,
920 2202 981 2242 non
1014 2185 1159 2243 1111111-

146 2271 267 2330 dandus.
315 2272 411 2348 aspice
435 2273 531 2330 solum
559 2274 694 2349 egentem
718 2291 817 2331 senem
844 2271 981 2331 omnibus
1009 2272 1157 2349 praesidiis

145 2360 329 2419 destitutum.
376 2363 487 2420 amicus
510 2363 570 2419 mei
592 2361 667 2418 mihi
688 2363 841 2436 praestitit
864 2361 944 2435 quod
968 2380 1030 2420 non
1054 2363 1157 2440 rogavi,

145 2453 174 2507 et
197 2469 256 2508 non
278 2452 435 2524 pecuniam
458 2448 508 2509 sed
536 2468 566 2508 se
589 2452 695 2526 ipsum.
737 2468 792 2526 ego
816 2451 843 2508 ei
869 2451 901 2507 in
923 2469 1060 2526 paupere
1083 2455 1186 2528 petrea

143 2541 265 2615 rogatus
289 2558 348 2597 non
366 2539 537 2614 impendam
556 2538 635 2614 quod
653 2540 739 2614 petit,
761 2557 820 2597 non
843 2557 900 2612 rue,
923 2538 976 2598 sed
998 2543 1157 2615 pecuniam,

144 2645 210 2684 oum
234 2629 264 2685 et
285 2647 332 2685 me
356 2629 414 2686 sibi
436 2627 566 2686 debeam.
614 2628 691 2701 audi,
714 2631 814 2703 pater,
839 2628 983 2686 alimenta
1005 2631 1074 2697 1111
1092 2646 1156 2705 quaa

143 2716 254 2773 donata
278 2719 377 2793 egenti
394 2719 491 2791 putas,
516 2719 621 2791 quanti
638 2717 686 2774 illi
704 2718 839 2776 constent
857 2719 909 2793 qui
931 2736 987 2793 pro
1008 2738 1059 2777 me
1082 2717 1155 2778 orba·

142 2807 190 2863 tus
222 2809 267 2862 ast
289 2805 359 2864 filio.
403 2808 481 2863 inter
510 2808 625 2881 piratas
654 2824 701 2863 me
725 2807 887 2881 quaesivit,
916 2825 985 2864 11111
1015 2811 1051 2866 tu
1080 2810 1155 2883 pater

141 2894 375 2969 redemptionem
397 2894 540 2968 tardares,
562 2914 622 2952 non
640 2896 793 2954 inveniens
812 2894 850 2953 ad
868 2895 1012 2954 lanistam
1032 2896 1181 2966 festinato

141 2983 174 3039 in
204 2983 274 3041 ludo
305 2983 505 3061 gladiatorum
534 3003 580 3042 me
615 2986 734 3060 reperit.
782 2985 815 3042 11
844 2984 951 3061 vigilia
982 2988 1012 3043 et
1043 3001 1153 3062 vespera

141 3074 245 3130 mortis
264 3092 317 3146 pro
341 3092 387 3130 me
411 3075 544 3131 moritur.
586 3076 617 3130 11
638 3073 694 3131 hoc
717 3092 776 3132 uuo
799 3074 894 3131 tristis
914 3073 1062 3133 occiditur
1084 3070 1152 3149 quod

141 3161 269 3235 amplius
294 3163 421 3219 amioum
444 3163 562 3220 visurus
580 3181 641 3220 non
669 3164 740 3220 erat.
787 3181 883 3237 nequa
904 3181 975 3222 vero
998 3164 1150 3239 plurimum

140 3249 207 3323 fuit,
226 3252 408 3325 praestitisse
427 3254 561 3326 mortem.
598 3271 669 3309 narn
687 3252 807 3310 interim
825 3253 959 3326 specioso
978 3253 1069 3311 titulo
1087 3253 1150 3310 bene

119 3338 200 3399 'uita
221 3342 375 3419 pensatur.
417 3340 615 3400 illudentem
635 3343 682 3400 est
698 3341 793 3398 amico
817 3341 947 3417 gravius,
971 3341 1178 3418 1111113111

194 3545 231 3596 29
254 3543 385 3615 pyratae
408 3547 444 3596 M
