2408 3840
63 156 66 160 ,
87 110 152 174 362
367 106 560 163 axonam
576 108 821 165 MONAOENSIA.

86 276 201 338 debetis
220 277 343 337 affectus
361 280 392 336 et
415 280 623 338 venerationis.
669 298 729 338 non
752 280 798 338 est
815 277 999 353 beneficium,
1022 276 1095 353 quod

86 369 223 444 pascitis,
247 366 298 425 sed
321 369 366 426 est
384 367 509 442 facinus,
532 367 611 443 quod
635 367 760 446 negatis.
806 368 933 426 fratrem
949 369 1036 426 tuum
1055 386 1095 424 re-

86 457 167 514 demi
190 475 278 530 quem
296 457 331 514 ut
353 456 477 514 batem
496 456 624 516 amabas.
665 458 696 515 te
719 457 859 516 similiter
875 456 1021 516 redimere
1042 474 1098 514 non

86 547 181 621 potui.
224 545 276 620 qui
299 544 372 603 duos
390 546 593 620 periclitantes
616 545 700 604 videt
716 545 794 604 filios
818 564 886 605 suos
911 546 1050 604 existenti
1070 546 1099 602 iii

86 637 199 693 meiere
225 633 358 709 periculo
380 634 510 712 porrigit
538 653 668 693 manum.
709 635 804 693 frater
826 637 911 710 tuus,
941 653 1010 694 cum
1031 633 1131 693 libes

86 726 218 797 raretur,
245 724 339 781 sciens
366 741 397 781 se
425 725 484 781 cito
511 725 690 782 moriturum
719 743 766 783 me
795 725 854 783 tibi
875 723 1101 796 commendavit,

88 815 135 886 ut,
159 814 185 870 si
208 811 332 870 evadere
354 813 385 870 te
409 814 594 889 contigisset,
617 832 665 871 me
686 831 835 888 pasceres,
861 813 976 872 scilicet
1003 814 1101 871 iurans

89 901 176 976 quod,
200 902 283 959 situ
305 919 394 976 aeger
411 901 580 976 redemptus
599 919 684 974 esses,
706 902 770 976 ipse
793 920 882 961 sanus
906 903 934 960 si
956 902 1101 974 evaderet

87 989 278 1066 postmodum
299 1009 347 1047 me
369 992 511 1064 pasceret.
554 1008 672 1049 securus
695 992 745 1064 sis,
768 991 899 1049 breviter
916 992 1032 1049 moriar
1054 991 1102 1066 qui

88 1099 177 1139 senex
207 1097 273 1137 sum
304 1079 335 1136 et
363 1078 463 1137 inedia
493 1078 629 1153 affectus,
659 1080 690 1138 et
718 1081 778 1139 cito
804 1079 980 1139 liberaberis
1009 1099 1029 1139 a
1050 1096 1136 1139 meu

88 1168 160 1243 quid
187 1187 235 1225 me
257 1168 386 1226 remittis
410 1167 449 1227 ad
477 1166 618 1227 turbam?
654 1169 823 1244 consumpsi
851 1168 952 1243 fletus,
983 1168 1103 1228 exhausi

87 1257 276 1315 clementiam
307 1258 448 1316 civitatis.
496 1276 556 1316 non
586 1257 642 1316 alit
674 1257 803 1334 populus
834 1257 987 1316 hominem
1018 1268 1103 1333 quem

87 1364 208 1421 pascere
230 1345 310 1404 filius
328 1345 423 1405 debet.
459 1345 603 1405 infamem
620 1348 651 1405 te
666 1347 765 1405 reddis
785 1348 837 1422 qui
853 1365 901 1407 ine
920 1365 982 1404 non
1000 1348 1102 1422 pascis

88 1453 143 1510 pro
161 1435 215 1492 tua
233 1452 298 1492 sum
316 1436 429 1509 pietate
447 1435 602 1494 sollicitus.
643 1436 714 1510 quia
732 1436 856 1494 fiebam
873 1437 961 1493 tuum
984 1435 1104 1509 redemi,

89 1541 156 1580 cum
179 1541 267 1600 aeger
289 1523 392 1598 tuerit,
419 1543 479 1582 non
502 1526 637 1600 sequitur
659 1524 738 1600 quod
761 1525 919 1599 sumplus
942 1524 1105 1597 dilexerim,
1117 1543 1137 1583 is

87 1611 139 1670 sed
167 1613 351 1686 sequeretur,
382 1612 408 1672 si
435 1613 521 1672 ambo
552 1615 618 1672 sani
648 1614 759 1672 esselis.
805 1613 875 1671 dato
903 1613 998 1672 etiam
1029 1612 1105 1689 quod

89 1703 231 1775 sequatur
258 1700 337 1776 quod
363 1703 463 1778 ipsum
487 1703 554 1778 plus
585 1702 751 1777 dilexerim,
780 1721 839 1760 non
862 1703 1002 1777 sequitur
1029 1702 1105 1778 quod

89 1793 120 1848 te
147 1789 272 1864 oderim,
298 1809 366 1849 cum
395 1793 493 1849 animo
523 1793 677 1867 utriusque
706 1789 870 1850 redimendi
897 1793 1048 1866 venerim,
1077 1795 1105 1849 et

88 1879 262 1955 plerumque
285 1882 372 1954 patei·
391 1880 516 1938 duorum
534 1880 665 1938 filiorum
686 1881 812 1939 alterum
835 1880 903 1955 plus
928 1880 1033 1959 diligit
1055 1898 1104 1940 nec

88 1971 190 2027 tamen
212 1968 278 2027 ideo
302 1969 429 2027 alterum
453 1968 524 2027 odit.
1114 1989 1137 2027 ic

169 2164 221 2221 VI.
246 2162 399 2222 CORPORIS
423 2181 575 2222 sacracii.
621 2166 687 2239 ipsa
711 2167 755 2223 est
777 2182 882 2222 manus
906 2182 1023 2224 caecae.

155 2287 368 2363 Arpwmcatmn
390 2307 416 2347 0.
429 2306 462 2361 p.
484 2292 556 2357 111,
576 2291 604 2348 4.

156 2377 279 2455 Allegat
305 2396 405 2436 coram
436 2378 583 2436 iudicibus
613 2379 712 2453 pater:
745 2379 927 2453 compatiavi
953 2377 1019 2438 filio
1047 2382 1105 2438 iam

89 2467 228 2526 defuncto
252 2467 300 2525 cui
317 2469 404 2542 pater
426 2467 521 2525 vitani
540 2466 666 2525 abstulit
689 2468 718 2525 et
739 2469 836 2526 mater
856 2468 966 2525 nititur
990 2469 1105 2528 auferre

90 2554 282 2630 sepulturam.
324 2557 371 2613 lex
388 2556 561 2632 parentibus
579 2557 612 2614 in
630 2556 800 2614 calamitate
819 2556 895 2614 ferre
919 2575 1009 2632 opem
1026 2557 1105 2616 iube·
1117 2575 1137 2615 a

89 2645 149 2703 bat.
188 2647 312 2720 uterque
330 2663 436 2720 parens
458 2648 523 2703 erat
541 2644 572 2702 in
591 2645 764 2705 calamitate
782 2639 988 2722 devi<n>ctua
1032 2663 1105 2704 unus

89 2737 191 2792 antem
224 2753 391 2793 succurrere
424 2734 543 2809 utrique
579 2753 639 2793 ncii
675 2736 802 2810 poterat.
851 2734 969 2793 invenit
1007 2737 1105 2794 tamen

89 2823 244 2900 ingeniosa
267 2824 362 2899 pietas
391 2825 421 2881 et
444 2825 563 2897 utrique
591 2823 731 2882 subvenit
758 2822 912 2898 dispendio
936 2823 992 2882 sui.
1044 2826 1106 2900 ipse

89 2914 173 2970 venit
192 2912 229 2969 ad
248 2914 372 2988 patrem,
391 2931 438 2970 me
456 2913 572 2972 remisit
586 2912 623 2970 ad
642 2915 777 2973 matrem.
815 2914 956 2972 assistens
976 2913 1105 2989 populus

90 3001 171 3060 delet
203 3003 352 3059 mortuum
388 3020 447 3059 non
483 3001 633 3075 sepultum
664 3003 695 3060 et
729 3003 764 3059 tu
796 3004 891 3059 mater
923 3000 1105 3078 degenerans
1118 3022 1140 3059 a

88 3089 185 3148 filium
208 3092 375 3166 putrescere
393 3091 551 3165 permittis.
592 3109 689 3149 nonne
712 3091 761 3149 hic
784 3092 829 3149 est
846 3089 898 3148 ille
922 3109 1013 3165 quem
1035 3110 1105 3150 non-

89 3179 161 3237 dum
184 3181 318 3256 genitum
342 3197 360 3236 a
379 3178 435 3238 diis
458 3180 490 3237 in
513 3179 633 3254 templis
652 3179 737 3238 nobis
760 3178 827 3238 dari
848 3179 1034 3254 petebamus,
1057 3180 1105 3239 ille

88 3268 168 3326 filius
193 3267 423 3341 amantissimus
446 3287 465 3327 a
485 3287 543 3343 quo
562 3268 681 3342 sepeliri
699 3268 885 3344 optabamus
908 3270 940 3327 et
957 3270 993 3328 tu
1016 3288 1104 3348 neges

81 3361 110 3420 ei
127 3358 330 3439 sepulturam.
371 3359 498 3438 ingrata
512 3359 610 3417 mater
629 3375 704 3431 erga
710 3357 810 3412 lilium
824 3358 879 3427 uui
890 3359 1104 3428 profectionem

147 3508 181 3559 21
204 3504 244 3561 de
264 3502 354 3561 titulo
373 3501 414 3571 cf.
429 3515 459 3570 p.
477 3499 543 3551 111.
