2408 3840
123 1004 419 1079 TESTIMONIA
459 1004 521 1076 ΕΤ
561 1004 864 1078 FRAGMENTA
900 1003 967 1077 AD
1007 1004 1133 1090 QVIN-

136 1147 320 1221 TILIANI
347 1146 750 1220 DECLAMATIONES
777 1147 1122 1221 PERTINENTIA.

86 1418 101 1472 1
190 1415 379 1473 TREBELL.
403 1415 561 1492 POLLIO,
584 1417 666 1475 XXX
688 1420 745 1494 tyr.
765 1419 795 1492 4,
816 1419 848 1476 2:
875 1417 937 1476 fuit
960 1420 1065 1478 autem
1087 1417 1134 1492 (ac.

119 1507 287 1564 Postumius
305 1506 435 1580 Iunior),
459 1507 539 1582 quod
561 1507 658 1565 solum
680 1508 846 1565 memoratu
868 1505 995 1584 dignum
1018 1511 1073 1583 est,
1095 1509 1133 1567 ita

118 1596 151 1653 in
174 1594 439 1655 declamationibus
463 1597 603 1671 disertus,
633 1598 667 1654 ut
691 1596 753 1655 eius
777 1597 997 1656 controversiae
1021 1596 1133 1667 Quinti·

119 1685 201 1742 liano
221 1684 358 1742 dicantur
370 1685 500 1744 insertae
520 1705 608 1760 quem
626 1685 856 1744 declamatorem
873 1685 1004 1744 Romani
1022 1689 1133 1764 generis

119 1773 323 1833 acutissimum
350 1775 399 1832 vel
422 1775 509 1834 unius
539 1775 646 1849 capitis
673 1774 762 1833 lectio
789 1775 888 1849 prima
911 1776 1017 1834 statim
1041 1777 1132 1835 fronte

119 1864 310 1923 demonstrat.

82 1969 101 2022 2
187 1968 329 2029 AVSON.
353 1988 504 2028 commem.
526 1970 602 2046 prof.
621 1969 691 2044 La,
712 1972 766 2028 16:

279 2114 331 2154 seu
353 2094 446 2152 libeat
468 2093 553 2152 fictas
575 2094 714 2154 ludorum
737 2095 873 2153 evolvere
896 2095 975 2170 lites,

323 2184 485 2259 ancipitem
507 2184 639 2259 palmam
662 2182 864 2251 Quintilianus
887 2185 988 2244 habet.

82 2306 102 2361 d
187 2308 293 2366 HIER.
319 2308 356 2366 ad
380 2306 476 2366 Galat.
497 2308 526 2381 3,
548 2309 565 2364 7
590 2299 628 2388 (1,
647 2308 710 2366 486
730 2300 837 2388 Vall.):
861 2310 887 2366 si
910 2309 977 2384 quis
997 2310 1131 2386 eloquen-

118 2399 193 2456 tiam
213 2398 331 2471 quaerit
349 2398 397 2455 vel
416 2395 680 2456 declamationibus
701 2397 876 2472 delectatur,
894 2397 986 2457 habet
1003 2399 1037 2457 in
1055 2405 1131 2459 utra·

120 2505 175 2561 que
198 2487 300 2563 lingua
319 2485 548 2544 Demosthenem
567 2489 597 2544 et
616 2485 756 2560 Tullium,
780 2485 971 2546 Polemonem
994 2491 1024 2547 et
1044 2489 1130 2560 Quiu-

117 2576 264 2633 tilianum.

81 2677 101 2733 4
186 2681 293 2739 HIXR.
321 2682 354 2738 in
381 2681 418 2740 Is.
444 2682 462 2740 8
490 2682 582 2757 praef.
612 2673 678 2763 (IV,
702 2683 765 2741 328
794 2674 901 2764 Vall.):
937 2684 990 2759 qui
1023 2685 1132 2744 flumen

119 2771 305 2846 eloquentiae
329 2773 358 2829 et
383 2771 541 2829 concinnas
567 2771 796 2831 declamationes
819 2771 1003 2848 desiderant,
1031 2774 1133 2852 legant

118 2859 260 2934 Tullium,
284 2858 514 2934 Quintilianum,
539 2859 718 2934 Gallionem,
743 2859 944 2920 Gabinianum
971 2866 1015 2937 et,
1039 2867 1075 2923 ut
1097 2863 1132 2921 ad

117 2951 234 3007 nostros
252 2951 379 3023 veniam,
399 2949 624 3024 Tertullianum,
639 2947 831 3026 cyprianum,
845 2949 1019 3026 Minucium,
1037 2953 1132 3012 Arno

7 3033 13 3044 ⁴
117 3037 207 3112 bium,
230 3037 429 3112 Lactantium,
452 3037 609 3096 Hilarium.
