2408 3840
138 149 203 213 318
460 147 644 203 VENENVM
662 146 834 203 servavit

85 339 123 393 19
204 317 290 376 Licet
311 317 406 394 igitur
428 337 506 377 nove
528 336 575 377 me
598 320 700 376 reatus
716 317 796 376 mole
814 318 984 393 convenias,
1006 337 1070 377 non
1088 338 1160 394 pae-

137 407 214 464 nitet
236 409 337 464 tamen
359 407 483 481 flexisse,
505 425 566 465 non
583 408 725 483 paenitet,
748 407 836 464 illum
853 406 995 483 spiritum
1011 409 1159 486 rigorem·

139 515 195 570 que
227 495 384 570 pereundi:
415 499 570 571 tamquam
601 494 752 571 parricide
782 495 939 555 moriebar.
985 499 1076 573 pater
1109 500 1160 574 qui

138 586 274 660 queritur
300 585 380 659 quod
406 604 467 645 non
494 584 570 658 bibi,
599 586 662 643 iam
687 603 766 644 nunc
793 584 917 644 diceret:
946 579 1159 662 ‘deprehensus

139 677 215 748 eret,
243 692 353 750 negare
376 692 435 733 non
460 670 619 750 poterat.''
647 692 741 733 essem
762 693 842 732 nunc
863 677 911 732 ter
934 674 1109 751 abdicatus,
1122 679 1192 735 'ets

137 782 184 820 me
208 763 398 823 contenderet
421 763 459 822 ad
481 762 594 822 iudices
616 781 698 822 meos
720 762 817 822 redire
838 782 901 823 non
923 782 1041 822 ausum.
1087 764 1158 824 bene

138 852 219 928 quod
242 853 285 910 sic
304 851 403 926 effudi,
425 855 581 926 tamquam
598 870 703 912 rursus
721 852 786 911 vita
803 853 975 929 placuisset.
1012 872 1157 913 venenum

140 941 219 1016 quod
236 941 388 999 videretur
405 940 630 1016 deprehensum,
652 961 739 1000 nemo
761 941 829 1001 ideo
847 941 958 1001 bibisse
982 943 1156 1016 crederetur,

138 1031 210 1106 quie
237 1030 296 1089 sibi
323 1031 492 1104 paraverat.
538 1029 586 1088 dic
608 1048 700 1089 nunc:
730 1026 800 1090 ‘non
822 1031 868 1088 fni
890 1049 1046 1106 passurus,
1069 1031 1154 1092 sibi-

137 1120 206 1178 bere
234 1114 397 1178 voluisses?
445 1119 549 1178 deinde
576 1118 633 1178 boo
660 1121 703 1178 sic
728 1118 851 1196 probae,
878 1121 913 1178 ut
935 1138 985 1178 me
1012 1120 1154 1198 hodieque
1165 1140 1186 1180 u

138 1210 252 1267 coneris
271 1207 413 1267 occidere.
451 1204 523 1266 ‘non
545 1226 612 1266 eres
633 1203 795 1285 passurus?
833 1207 963 1284 quando,
985 1229 1044 1286 per
1064 1209 1152 1283 fidem,

136 1296 224 1355 inicis
250 1295 378 1356 manus?
404 1299 505 1372 potuit
532 1297 649 1372 eadem,
675 1297 776 1372 potuit
798 1298 902 1374 peregi
924 1297 1078 1358 brevitate
1101 1316 1152 1375 qus

137 1386 273 1445 iusseras.
320 1380 391 1445 ‘non
418 1405 484 1446 eras
516 1382 678 1462 passurus?
725 1386 830 1445 deinde
861 1405 922 1445 non
949 1389 1096 1465 timuisti,
1119 1405 1151 1446 ne

137 1476 212 1533 mibi
236 1477 368 1533 animum
391 1475 535 1550 pereundi
557 1476 606 1534 vel
629 1475 684 1534 hoc
707 1476 819 1534 faceret
836 1475 917 1550 quod
941 1476 1091 1552 putabam
1110 1493 1150 1535 me

136 1565 240 1623 iuberi.
286 1564 403 1623 facinus
431 1566 488 1639 est,
516 1566 541 1624 si
569 1558 693 1640 morior,
721 1567 758 1623 ut
784 1566 889 1641 postea
917 1570 1094 1642 quaeratur,
1117 1582 1181 1625 anu

136 1654 267 1713 volueris
295 1653 435 1712 occidere.
481 1657 515 1712 tu
542 1654 614 1712 licet
640 1653 786 1712 invidiam
813 1653 894 1712 vocis
922 1653 1009 1714 illius
1036 1656 1149 1715 alterius

136 1745 244 1801 mentis
268 1744 458 1802 simulatione
477 1741 627 1819 defendes,
650 1743 776 1802 occisuri
793 1744 895 1800 temen
912 1743 975 1802 fnit
991 1745 1094 1820 ipsum
1108 1762 1149 1803 ex·

136 1834 342 1906 perimentum.
388 1851 442 1890 nec
469 1832 595 1890 interest
625 1832 747 1909 rigoris,
780 1831 928 1906 quaedem
956 1835 1087 1908 patiaris
1117 1852 1150 1891 an

136 1924 273 1997 temptes.
317 1939 481 1995 numquam
503 1921 635 1979 movebit
661 1923 778 1996 petrem
800 1919 881 1978 filius
909 1920 969 1979 hoc
991 1923 1076 1998 quod
1095 1940 1149 1981 mo

136 2010 222 2085 ritur,
245 2029 333 2085 quem
356 2029 416 2068 non
437 2012 534 2068 movit
554 2010 612 2068 hoc
634 2008 713 2084 quod
736 2012 859 2085 paratus
882 2011 929 2067 est
952 2011 1041 2071 mori.
1161 2028 1182 2068 a

204 2099 283 2168 Quid
309 2117 387 2157 nunc
413 2099 537 2172 faciem,
564 2098 690 2172 iudices,
717 2098 958 2174 pertinacissimo
980 2098 1097 2179 rigori?
1122 2100 1149 2159 in

138 2189 217 2263 quod
244 2207 291 2246 me
319 2205 486 2264 conponam
512 2189 677 2262 patientiae
707 2185 823 2264 genus?
867 2186 978 2247 videtis
1008 2190 1149 2249 hominen

136 2298 223 2352 quern
257 2277 356 2336 nullus
389 2277 481 2335 animi
513 2277 572 2334 mei
604 2279 701 2335 status
728 2278 840 2350 mutat,
869 2294 959 2350 quem
987 2278 1148 2339 consentia

136 2370 251 2439 nostre,
280 2385 367 2441 quem
395 2365 518 2425 offendit
544 2365 711 2425 infirmitas.
756 2366 857 2425 vivere
879 2366 964 2424 volo:
988 2367 1147 2443 proturbet

136 2456 265 2531 expellit.
311 2454 886 2532 moriconor:inte1pellet,exsgitat.
933 2455 998 2514 iam
1022 2455 1180 2517 ferarum

136 2545 263 2620 aliquid,
296 2547 321 2602 si
352 2544 437 2603 nobis
467 2543 616 2620 hodieque
647 2545 805 2603 elementia
836 2545 937 2603 vestra
966 2546 1149 2617 succurrerit,

136 2634 268 2711 paravit,
290 2635 414 2692 invenit.
461 2635 512 2708 qui
534 2633 615 2708 finis,
638 2634 705 2708 quis
728 2634 823 2691 exitus
845 2632 1076 2695 incredibilium
1095 2653 1148 2694 ms·

207 2883 222 2928 2
242 2875 334 2928 fixisse
352 2884 413 2943 Β1’;
437 2873 549 2927 finxisse
569 2883 644 2940 ,Ββσς
665 2889 733 2928 corr.
751 2872 799 2928 Gr.
891 2877 907 2926 3
928 2880 996 2943 post
1020 2873 1149 2945 penendi

136 2947 199 3002 edd.
220 2946 451 3015 assumpsisses!
510 2945 697 3014 parricidiale
758 2946 838 2998 oter
856 2961 906 2998 oen.
923 2953 957 3012 8;
975 2945 1035 3001 tibi
1054 2958 1087 3013 Ρ,
1104 2946 1148 3001 del.

135 3059 239 3107 11111113
295 3035 437 3107 diudice⁸
454 3061 482 3105 Β
536 3052 992 3121 8deprehensnm-crederetur
1011 3072 1064 3109 om.
1079 3063 1107 3108 Ι

136 3125 331 3178 credederetur
349 3133 382 3178 Β
469 3122 620 3177 9bibe11
709 3127 742 3176 10
766 3123 818 3177 eie:
838 3122 862 3177 si
882 3144 901 3175 α
994 3131 1029 3178 11
1055 3126 1150 3180 fide!

136 3204 168 3250 15
184 3195 329 3263 quaeritur
341 3204 369 3248 Β
417 3201 481 3264 post
495 3196 629 3278 queratur
642 3211 677 3249 er.
693 3211 726 3248 oc
744 3204 765 3246 V
815 3197 849 3247 1o
864 3193 990 3248 nolueris
1004 3206 1034 3250 Β
1047 3201 1091 3269 (ex
1103 3212 1148 3250 nn-

134 3320 228 3388 luerie‚
247 3338 315 3375 cerr.
331 3319 379 3388 o?)
400 3329 431 3372 Β
487 3285 616 3373 voeiiliue
633 3327 662 3372 Β
679 3322 763 3390 (supr.
778 3320 806 3388 s)
866 3319 982 3389 {vocis
1002 3323 1085 3391 (4-5
1102 3320 1147 3374 litt.

134 3395 180 3459 er.)
204 3401 233 3458 νς
253 3391 329 3445 illius
348 3408 398 3445 obe.
422 3399 459 3457 Β,
477 3392 509 3444 iu
529 3408 616 3462 mcrp.
634 3411 666 3443 m
755 3394 790 3443 20
808 3390 908 3445 movit:
933 3392 1016 3446 novit
1032 3402 1073 3459 Β;
1094 3408 1146 3446 mo·

133 3465 181 3515 vet
199 3472 226 3514 1³
287 3468 320 3515 22
341 3463 454 3532 quidsi
515 3469 548 3516 23
568 3464 658 3516 status
677 3479 711 3516 ex
729 3461 843 3517 sunus
863 3470 891 3515 Ι
944 3463 1149 3519 conscientia

125 3540 164 3590 27
182 3535 248 3608 quis
267 3535 332 3592 finis
352 3545 419 3603 Meo
