2408 3840
564 136 779 190 PRAEFATIO.
1094 137 1184 190 XXXI

54 368 57 373 ,
163 325 273 365 nomen
293 306 361 365 dedi
374 306 567 381 Parisinis‚
588 307 716 365 alterum
730 305 901 365 Vossianus.
936 309 987 380 qui
1001 306 1072 365 libri
1085 326 1184 365 recen·

54 410 57 421 ·
163 397 253 455 sionis
278 395 505 453 fundamentum
523 391 654 468 fuerunt.
700 395 858 454 Beruensis
878 396 1092 472 discrepantias
1115 415 1184 473 gra-

162 485 259 544 viores
284 484 392 558 adieci,
421 487 455 542 ut
478 485 539 542 sint
562 483 730 559 exemplum
754 485 889 542 codicum
915 485 1101 543 deteriorum.
1147 485 1184 543 In

161 574 311 633 Vaticano
330 576 429 632 textus
448 592 508 631 non
526 574 614 632 modo
633 594 668 632 ex
683 573 807 631 arbitrio
826 575 1002 632 immutatus
1022 574 1073 632 sed
1092 575 1184 633 etiam

160 663 259 721 multa
287 663 493 720 additamenta
518 681 623 739 passus
647 665 692 722 est
713 663 792 721 unde
822 662 934 738 optime
962 663 1184 722 demonstratur

160 755 310 828 quantum
322 752 457 810 homines
472 753 544 810 olim
558 752 823 810 declamationibus
839 751 979 810 delectati
993 754 1060 810 sint.
1094 772 1184 826 quam

59 828 63 917 '3
162 841 199 900 ob
224 861 289 900 rem
312 860 388 917 quae
410 841 561 900 inculcata
580 843 658 915 sunt,
682 860 867 901 summovere
886 841 968 899 nolui
988 845 1019 900 et
1040 844 1071 898 in
1091 860 1184 917 appa-

60 920 64 1013 Ξ
159 935 261 989 ratum
284 932 390 1006 recepi.

228 1019 265 1077 In
289 1019 476 1078 conficiendis
500 1019 646 1096 excerptis
665 1018 815 1096 exemplar
837 1019 1016 1078 recensionis
1035 1042 1053 1098 y
1072 1020 1183 1095 quippe

160 1126 240 1183 quae
271 1108 369 1167 medio
404 1127 476 1167 aevo
513 1110 645 1167 maxima
679 1109 858 1184 pervulgata
893 1111 983 1182 esset,
1016 1108 1184 1166 adhibitum

160 1198 267 1272 fuisse,
297 1200 332 1255 ut
358 1190 569 1278 Dessauer¹)
597 1200 677 1256 recte
707 1200 820 1272 monet,
852 1215 885 1256 eo
913 1197 1073 1272 evincitur,
1104 1198 1183 1273 quod

61 1314 66 1339 ι
160 1287 272 1345 ultima
290 1286 542 1346 declamationum
562 1287 652 1345 verba
671 1287 713 1345 sic
732 1287 849 1345 reddita
868 1289 950 1344 sunt:
969 1305 989 1345 a
1006 1291 1033 1345 te
1050 1289 1182 1361 implore,

160 1393 251 1445 eran,
278 1393 315 1434 nc
338 1379 370 1433 ta
393 1377 521 1448 amplias
543 1377 685 1448 infamem
706 1393 787 1434 voces
814 1393 884 1435 neve
907 1380 938 1434 ln
961 1378 1089 1450 amplias
1112 1377 1184 1449 qaid

161 1465 281 1532 dicerit,
310 1457 473 1546 wandel)
515 1464 622 1540 quibus
653 1465 812 1541 respondet
839 1465 928 1523 lectio
958 1465 1137 1525 recensionis
1165 1488 1183 1544 γ

162 1555 214 1627 19,
236 1545 323 1634 16³):
346 1553 421 1613 tana
444 1558 558 1613 tantam
648 1573 668 1612 o
686 1559 712 1614 tc
729 1572 804 1613 acor
888 1558 965 1628 pete,
990 1573 1010 1613 a
1032 1559 1058 1612 te
1080 1560 1181 1623 mater,

159 1661 197 1702 ne
220 1644 291 1717 qaid
319 1644 446 1717 amplias
469 1661 608 1716 quaeras,
637 1647 669 1701 ta
698 1644 855 1715 infamiam
877 1661 914 1702 oe
937 1644 1032 1719 dicos,
1061 1662 1127 1702 cum
1150 1643 1183 1701 in

63 1756 66 1761 ·
162 1732 207 1810 αβ
229 1734 362 1810 legatur:
385 1736 425 1797 to,
448 1726 602 1812 fama[m],
624 1750 661 1791 ne
684 1733 773 1791 dicos.

228 1821 295 1878 Iam
317 1841 401 1894 vero,
428 1840 495 1880 cum
523 1822 561 1880 ad
584 1822 673 1881 finem
699 1820 815 1898 delapsi
838 1823 943 1894 simuS,
974 1821 1071 1880 officio
1095 1825 1183 1898 grato

161 1913 344 1985 acceptoque
374 1912 483 1988 fungor
505 1913 618 1989 gratias
649 1911 757 1988 agendi
785 1913 827 1969 eis
858 1929 985 1985 quorum
1013 1931 1068 1987 ope
1092 1915 1182 1987 atque

161 2000 274 2057 auxilio
288 1999 361 2057 mihi
376 2001 407 2056 in
427 2000 546 2059 edendis
564 2001 611 2060 his
631 1999 896 2060 declamationibus
915 2000 960 2058 uti
975 2001 1068 2059 licuit.
1111 2021 1183 2077 quo-

160 2108 229 2146 rum
258 2088 290 2146 in
321 2108 445 2148 numero
475 2091 571 2166 primo
601 2090 667 2148 loco
698 2090 789 2148 affero
813 2090 987 2166 Angelam
1015 2093 1045 2148 et
1072 2089 1182 2149 Fran-

162 2179 297 2236 ciscum
317 2177 495 2236 Dessauer
516 2179 570 2254 qui
592 2179 667 2237 mihi
685 2179 805 2256 egregia
825 2178 1006 2237 liberalitate
1026 2182 1116 2254 atque
1135 2198 1183 2237 co-

161 2268 269 2325 mitate
293 2267 414 2326 schedas
439 2270 528 2343 atque
548 2268 723 2326 collationes
741 2267 906 2344 Hugonis
930 2268 1109 2326 Dessauer
1131 2268 1181 2326 de-

160 2355 271 2429 functi,
299 2356 549 2415 declamationum
575 2357 682 2415 harum
710 2357 898 2432 sospitatoris
926 2357 1063 2415 acerrimi
1091 2360 1182 2432 atque

162 2444 326 2504 doctissimi
345 2445 543 2521 tradiderunt,
566 2446 672 2505 deinde
692 2464 741 2505 eos
761 2447 812 2521 qui
834 2448 978 2521 praesunt
995 2445 1183 2505 bibliothecis

162 2533 385 2611 Bambergensi,
408 2535 588 2610 Monacensi,
606 2535 758 2610 Bemensi,
781 2534 931 2611 Lipsiensi
951 2535 1058 2611 quibus
1082 2537 1183 2594 aucto-

161 2622 244 2682 ribus
263 2623 312 2682 vcl
331 2625 584 2683 intercedentibus
602 2625 677 2683 mihi
695 2625 782 2682 licuit
800 2624 1058 2702 Bambergensem,
1079 2623 1182 2682 Mona-

162 2731 279 2772 censem
295 2713 368 2788 631,
383 2713 563 2773 Bernensem
572 2715 720 2787 Monachi,
735 2713 942 2772 Monacensem
957 2715 1052 2772 denuc
1062 2711 1182 2786 Lipsiae

161 2801 315 2878 inspicere,
334 2804 399 2860 tum
418 2803 632 2880 Engelbertum
645 2803 786 2878 Drerup
805 2805 857 2878 qui
875 2803 950 2861 mihi
969 2822 1036 2861 cum
1051 2800 1183 2860 Oxoniae

63 2904 67 2923 ¹
161 2893 345 2965 versaretur,
377 2891 454 2950 anno
486 2894 568 2951 1901
601 2893 637 2951 de
667 2891 781 2950 duobus
812 2891 961 2950 codicibus
993 2890 1182 2950 Seldensibus

64 3022 68 3043 .
162 2981 320 3055 quaerenti
339 2981 559 3041 accuratissime
577 2981 704 3054 rettulit,
728 2981 855 3056 denique
870 2980 1057 3039 Alfredum
1076 2980 1183 3038 Klotz

64 3054 68 3079 ²
163 3069 376 3128 amicissimum
400 3070 451 3146 qui
479 3089 538 3128 non
566 3071 661 3129 solum
688 3070 879 3148 plagularum
906 3070 1182 3146 perlustrandarum

65 3148 69 3189 ²
161 3156 294 3216 laborem
317 3161 436 3217 strenue
455 3178 570 3218 mecum
589 3162 720 3234 suscepit
739 3159 790 3217 sed
814 3161 904 3217 etiam
923 3160 1026 3217 multis
1049 3160 1122 3218 locis
1146 3158 1182 3216 de

161 3249 331 3306 recensione
351 3251 441 3324 atque
465 3249 669 3308 emendatione
689 3249 940 3307 declamationum
959 3249 1071 3323 optime
1094 3250 1183 3305 meri-

161 3340 210 3396 tus
233 3339 287 3396 est.

234 3474 261 3541 1)
279 3489 306 3541 p.
322 3477 365 3526 64.
439 3475 466 3541 2)
484 3491 511 3543 p,
527 3477 587 3540 430,
603 3477 645 3527 21.
720 3477 746 3547 3)
765 3491 793 3546 p.
809 3478 875 3544 aba,
887 3477 934 3529 lt.

555 3587 781 3602 ————.
