<?xml version="1.0" encoding="UTF-8"?>
<!DOCTYPE html PUBLIC "-//W3C//DTD XHTML 1.0 Transitional//EN"
    "http://www.w3.org/TR/xhtml1/DTD/xhtml1-transitional.dtd">
<html xmlns="http://www.w3.org/1999/xhtml" xml:lang="en" lang="en">
 <head>
  <title>
</title>
<meta http-equiv="Content-Type" content="text/html;charset=utf-8" />
  <meta name='ocr-system' content='tesseract 3.04.00' />
  <meta name='ocr-capabilities' content='ocr_page ocr_carea ocr_par ocr_line ocrx_word'/>
</head>
<body>
  <div class='ocr_page' id='page_1' title='image "./qvintilianiqvae01quingoog_0365.png"; bbox 0 0 2406 3832; ppageno 0'>
   <div class='ocr_carea' id='block_1_1' title="bbox 135 144 849 211">
    <p class='ocr_par' dir='ltr' id='par_1_1' title="bbox 135 144 849 211">
     <span class='ocr_line' id='line_1_1' title="bbox 135 144 849 211; baseline 0.004 -12"><span class='ocrx_word' id='word_1_1' title='bbox 135 146 201 211; x_wconf 74' lang='lat'><strong>330</strong></span> <span class='ocrx_word' id='word_1_2' title='bbox 432 144 849 202; x_wconf 75' lang='lat' dir='ltr'><strong>msamsmmusul</strong></span> 
     </span>
    </p>
   </div>
   <div class='ocr_carea' id='block_1_2' title="bbox 80 314 1189 2709">
    <p class='ocr_par' dir='ltr' id='par_1_2' title="bbox 133 314 1189 1816">
     <span class='ocr_line' id='line_1_2' title="bbox 135 314 1153 394; baseline 0.001 -20"><span class='ocrx_word' id='word_1_3' title='bbox 135 319 170 374; x_wconf 86' lang='lat' dir='ltr'><strong>ut</strong></span> <span class='ocrx_word' id='word_1_4' title='bbox 187 317 336 391; x_wconf 78' lang='lat' dir='ltr'><strong>torqueas.</strong></span> <span class='ocrx_word' id='word_1_5' title='bbox 374 316 406 373; x_wconf 90' lang='lat' dir='ltr'><strong>at</strong></span> <span class='ocrx_word' id='word_1_6' title='bbox 423 317 471 389; x_wconf 90' lang='lat' dir='ltr'><strong>tu,</strong></span> <span class='ocrx_word' id='word_1_7' title='bbox 493 333 548 390; x_wconf 89' lang='lat' dir='ltr'><strong>pro</strong></span> <span class='ocrx_word' id='word_1_8' title='bbox 567 314 663 374; x_wconf 80' lang='lat' dir='ltr'><strong>nelasl</strong></span> <span class='ocrx_word' id='word_1_9' title='bbox 687 315 872 391; x_wconf 82' lang='lat' dir='ltr'><strong>verberibus,</strong></span> <span class='ocrx_word' id='word_1_10' title='bbox 894 315 1014 394; x_wconf 84' lang='lat' dir='ltr'><strong>ignibus</strong></span> <span class='ocrx_word' id='word_1_11' title='bbox 1037 319 1070 375; x_wconf 91' lang='lat' dir='ltr'><strong>et</strong></span> <span class='ocrx_word' id='word_1_12' title='bbox 1088 319 1153 375; x_wconf 80' lang='lat' dir='ltr'><strong>tota</strong></span> 
     </span>
     <span class='ocr_line' id='line_1_3' title="bbox 135 403 1153 480; baseline 0.003 -18"><span class='ocrx_word' id='word_1_13' title='bbox 135 403 321 463; x_wconf 66' lang='lat' dir='ltr'><strong>crudelitatis</strong></span> <span class='ocrx_word' id='word_1_14' title='bbox 344 407 409 464; x_wconf 84' lang='lat' dir='ltr'><strong>arte</strong></span> <span class='ocrx_word' id='word_1_15' title='bbox 432 405 574 464; x_wconf 66' lang='lat' dir='ltr'><strong>sorum-is</strong></span> <span class='ocrx_word' id='word_1_16' title='bbox 596 423 667 478; x_wconf 90' lang='lat' dir='ltr'><strong>rem,</strong></span> <span class='ocrx_word' id='word_1_17' title='bbox 690 404 727 463; x_wconf 92' lang='lat' dir='ltr'><strong>de</strong></span> <span class='ocrx_word' id='word_1_18' title='bbox 750 423 809 480; x_wconf 89' lang='lat' dir='ltr'><strong>qua</strong></span> <span class='ocrx_word' id='word_1_19' title='bbox 832 423 892 463; x_wconf 90' lang='lat' dir='ltr'><strong>non</strong></span> <span class='ocrx_word' id='word_1_20' title='bbox 915 404 1035 464; x_wconf 87' lang='lat' dir='ltr'><strong>deberes</strong></span> <span class='ocrx_word' id='word_1_21' title='bbox 1060 406 1153 465; x_wconf 71' lang='lat' dir='ltr'><strong>inter»</strong></span> 
     </span>
     <span class='ocr_line' id='line_1_4' title="bbox 134 493 1153 571; baseline 0.001 -19"><span class='ocrx_word' id='word_1_22' title='bbox 134 511 242 571; x_wconf 76' lang='lat' dir='ltr'><strong>rogare</strong></span> <span class='ocrx_word' id='word_1_23' title='bbox 263 511 371 568; x_wconf 86' lang='lat' dir='ltr'><strong>servos,</strong></span> <span class='ocrx_word' id='word_1_24' title='bbox 394 493 430 552; x_wconf 91' lang='lat' dir='ltr'><strong>de</strong></span> <span class='ocrx_word' id='word_1_25' title='bbox 454 512 514 569; x_wconf 86' lang='lat' dir='ltr'><strong>qua</strong></span> <span class='ocrx_word' id='word_1_26' title='bbox 531 493 690 552; x_wconf 81' lang='lat' dir='ltr'><strong>remilium</strong></span> <span class='ocrx_word' id='word_1_27' title='bbox 712 513 829 570; x_wconf 90' lang='lat' dir='ltr'><strong>quoque</strong></span> <span class='ocrx_word' id='word_1_28' title='bbox 852 512 1010 570; x_wconf 86' lang='lat' dir='ltr'><strong>corporum</strong></span> <span class='ocrx_word' id='word_1_29' title='bbox 1032 495 1153 570; x_wconf 81' lang='lat' dir='ltr'><strong>patien-</strong></span> 
     </span>
     <span class='ocr_line' id='line_1_5' title="bbox 135 582 1153 658; baseline 0.001 -16"><span class='ocrx_word' id='word_1_30' title='bbox 135 583 211 642; x_wconf 89' lang='lat' dir='ltr'><strong>tiam</strong></span> <span class='ocrx_word' id='word_1_31' title='bbox 228 582 398 658; x_wconf 72' lang='lat' dir='ltr'>petulanter</span> <span class='ocrx_word' id='word_1_32' title='bbox 416 584 574 642; x_wconf 76' lang='lat' dir='ltr'><strong>excuteres.</strong></span> <span class='ocrx_word' id='word_1_33' title='bbox 611 582 738 641; x_wconf 87' lang='lat' dir='ltr'><strong>laminas</strong></span> <span class='ocrx_word' id='word_1_34' title='bbox 757 583 901 658; x_wconf 75' lang='lat' dir='ltr'><strong>aomndis,</strong></span> <span class='ocrx_word' id='word_1_35' title='bbox 915 583 1031 643; x_wconf 85' lang='lat' dir='ltr'><strong>eculeos</strong></span> <span class='ocrx_word' id='word_1_36' title='bbox 1050 600 1153 643; x_wconf 80' lang='lat' dir='ltr'><strong>moras</strong></span> 
     </span>
     <span class='ocr_line' id='line_1_6' title="bbox 134 671 1189 748; baseline 0.001 -17"><span class='ocrx_word' id='word_1_37' title='bbox 134 673 166 731; x_wconf 87' lang='lat' dir='ltr'><strong>et</strong></span> <span class='ocrx_word' id='word_1_38' title='bbox 192 671 353 748; x_wconf 78' lang='lat' dir='ltr'><strong>parricidio</strong></span> <span class='ocrx_word' id='word_1_39' title='bbox 380 671 541 748; x_wconf 86' lang='lat' dir='ltr'><strong>suspicaris</strong></span> <span class='ocrx_word' id='word_1_40' title='bbox 565 673 719 731; x_wconf 84' lang='lat' dir='ltr'><strong>incestum.</strong></span> <span class='ocrx_word' id='word_1_41' title='bbox 765 674 860 731; x_wconf 89' lang='lat' dir='ltr'><strong>nescis</strong></span> <span class='ocrx_word' id='word_1_42' title='bbox 889 671 968 748; x_wconf 84' lang='lat' dir='ltr'><strong>quod</strong></span> <span class='ocrx_word' id='word_1_43' title='bbox 999 676 1153 748; x_wconf 85' lang='lat' dir='ltr'><strong>praeceps,</strong></span> <span class='ocrx_word' id='word_1_44' title='bbox 1178 691 1189 732; x_wconf 82' lang='lat' dir='ltr'><strong>s</strong></span> 
     </span>
     <span class='ocr_line' id='line_1_7' title="bbox 135 760 1153 838; baseline 0.004 -20"><span class='ocrx_word' id='word_1_45' title='bbox 135 760 215 837; x_wconf 92' lang='lat' dir='ltr'><strong>quod</strong></span> <span class='ocrx_word' id='word_1_46' title='bbox 243 760 403 837; x_wconf 85' lang='lat' dir='ltr'><strong>abruptum</strong></span> <span class='ocrx_word' id='word_1_47' title='bbox 430 764 494 820; x_wconf 88' lang='lat' dir='ltr'><strong>tam</strong></span> <span class='ocrx_word' id='word_1_48' title='bbox 521 760 668 820; x_wconf 80' lang='lat' dir='ltr'><strong>nefandae</strong></span> <span class='ocrx_word' id='word_1_49' title='bbox 693 760 869 838; x_wconf 74' lang='lat' dir='ltr'><strong>diligentiae</strong></span> <span class='ocrx_word' id='word_1_50' title='bbox 896 761 996 819; x_wconf 88' lang='lat' dir='ltr'><strong>furore</strong></span> <span class='ocrx_word' id='word_1_51' title='bbox 1022 779 1153 822; x_wconf 78' lang='lat' dir='ltr'><strong>commo·</strong></span> 
     </span>
     <span class='ocr_line' id='line_1_8' title="bbox 134 848 1154 926; baseline 0.002 -18"><span class='ocrx_word' id='word_1_52' title='bbox 134 848 227 909; x_wconf 78' lang='lat' dir='ltr'><strong>vers?</strong></span> <span class='ocrx_word' id='word_1_53' title='bbox 270 853 356 926; x_wconf 87' lang='lat' dir='ltr'><strong>pater</strong></span> <span class='ocrx_word' id='word_1_54' title='bbox 383 851 437 926; x_wconf 89' lang='lat' dir='ltr'><strong>qui</strong></span> <span class='ocrx_word' id='word_1_55' title='bbox 463 850 501 908; x_wconf 92' lang='lat' dir='ltr'><strong>de</strong></span> <span class='ocrx_word' id='word_1_56' title='bbox 526 851 641 909; x_wconf 89' lang='lat' dir='ltr'><strong>incesto</strong></span> <span class='ocrx_word' id='word_1_57' title='bbox 662 849 758 907; x_wconf 82' lang='lat' dir='ltr'><strong>filium</strong></span> <span class='ocrx_word' id='word_1_58' title='bbox 784 851 918 926; x_wconf 84' lang='lat' dir='ltr'><strong>torquet,</strong></span> <span class='ocrx_word' id='word_1_59' title='bbox 944 869 1005 909; x_wconf 88' lang='lat' dir='ltr'><strong>non</strong></span> <span class='ocrx_word' id='word_1_60' title='bbox 1033 854 1081 910; x_wconf 89' lang='lat' dir='ltr'><strong>est</strong></span> <span class='ocrx_word' id='word_1_61' title='bbox 1101 869 1154 909; x_wconf 86' lang='lat' dir='ltr'><strong>ne·</strong></span> 
     </span>
     <span class='ocr_line' id='line_1_9' title="bbox 134 938 1154 1017; baseline -0.001 -18"><span class='ocrx_word' id='word_1_62' title='bbox 134 939 220 1017; x_wconf 81' lang='lat' dir='ltr'><strong>genti</strong></span> <span class='ocrx_word' id='word_1_63' title='bbox 252 938 426 998; x_wconf 84' lang='lat' dir='ltr'><strong>crediturus.</strong></span> <span class='ocrx_word' id='word_1_64' title='bbox 480 939 613 998; x_wconf 90' lang='lat' dir='ltr'><strong>omnium</strong></span> <span class='ocrx_word' id='word_1_65' title='bbox 645 938 778 1014; x_wconf 86' lang='lat' dir='ltr'><strong>quidem,</strong></span> <span class='ocrx_word' id='word_1_66' title='bbox 809 939 937 1014; x_wconf 89' lang='lat' dir='ltr'><strong>iudices,</strong></span> <span class='ocrx_word' id='word_1_67' title='bbox 968 940 1154 999; x_wconf 87' lang='lat' dir='ltr'><strong>incertorum</strong></span> 
     </span>
     <span class='ocr_line' id='line_1_10' title="bbox 135 1028 1153 1105; baseline 0.001 -19"><span class='ocrx_word' id='word_1_68' title='bbox 135 1028 319 1105; x_wconf 70' lang='lat' dir='ltr'><strong>suspiciones</strong></span> <span class='ocrx_word' id='word_1_69' title='bbox 349 1029 476 1104; x_wconf 79' lang='lat' dir='ltr'><strong>pessime</strong></span> <span class='ocrx_word' id='word_1_70' title='bbox 508 1045 625 1103; x_wconf 88' lang='lat' dir='ltr'><strong>semper</strong></span> <span class='ocrx_word' id='word_1_71' title='bbox 650 1045 669 1086; x_wconf 91' lang='lat' dir='ltr'><strong>a</strong></span> <span class='ocrx_word' id='word_1_72' title='bbox 699 1028 872 1103; x_wconf 82' lang='lat' dir='ltr'><strong>corporibus</strong></span> <span class='ocrx_word' id='word_1_73' title='bbox 902 1029 1066 1103; x_wconf 86' lang='lat' dir='ltr'><strong>incipiunt,</strong></span> <span class='ocrx_word' id='word_1_74' title='bbox 1097 1047 1153 1087; x_wconf 86' lang='lat' dir='ltr'><strong>nee</strong></span> 
     </span>
     <span class='ocr_line' id='line_1_11' title="bbox 134 1116 1189 1192; baseline 0 -16"><span class='ocrx_word' id='word_1_75' title='bbox 134 1117 209 1176; x_wconf 84' lang='lat' dir='ltr'><strong>bene</strong></span> <span class='ocrx_word' id='word_1_76' title='bbox 232 1117 268 1176; x_wconf 89' lang='lat' dir='ltr'><strong>de</strong></span> <span class='ocrx_word' id='word_1_77' title='bbox 292 1116 466 1192; x_wconf 86' lang='lat' dir='ltr'><strong>cuiusquam</strong></span> <span class='ocrx_word' id='word_1_78' title='bbox 492 1117 624 1177; x_wconf 88' lang='lat' dir='ltr'><strong>moribus</strong></span> <span class='ocrx_word' id='word_1_79' title='bbox 652 1116 736 1174; x_wconf 90' lang='lat' dir='ltr'><strong>illam</strong></span> <span class='ocrx_word' id='word_1_80' title='bbox 763 1119 881 1191; x_wconf 82' lang='lat' dir='ltr'><strong>partem</strong></span> <span class='ocrx_word' id='word_1_81' title='bbox 902 1116 1030 1176; x_wconf 90' lang='lat' dir='ltr'><strong>hominis</strong></span> <span class='ocrx_word' id='word_1_82' title='bbox 1057 1119 1153 1176; x_wconf 84' lang='lat' dir='ltr'><strong>inter·</strong></span> <span class='ocrx_word' id='word_1_83' title='bbox 1167 1137 1189 1178; x_wconf 84' lang='lat' dir='ltr'><strong>u</strong></span> 
     </span>
     <span class='ocr_line' id='line_1_12' title="bbox 134 1205 1153 1284; baseline 0.001 -20"><span class='ocrx_word' id='word_1_84' title='bbox 134 1223 221 1284; x_wconf 83' lang='lat' dir='ltr'><strong>roges</strong></span> <span class='ocrx_word' id='word_1_85' title='bbox 249 1223 325 1281; x_wconf 91' lang='lat' dir='ltr'><strong>quae</strong></span> <span class='ocrx_word' id='word_1_86' title='bbox 352 1224 412 1265; x_wconf 90' lang='lat' dir='ltr'><strong>non</strong></span> <span class='ocrx_word' id='word_1_87' title='bbox 442 1205 557 1280; x_wconf 88' lang='lat' dir='ltr'><strong>animo,</strong></span> <span class='ocrx_word' id='word_1_88' title='bbox 588 1206 640 1264; x_wconf 90' lang='lat' dir='ltr'><strong>sed</strong></span> <span class='ocrx_word' id='word_1_89' title='bbox 671 1205 773 1264; x_wconf 90' lang='lat' dir='ltr'><strong>dolore</strong></span> <span class='ocrx_word' id='word_1_90' title='bbox 802 1205 969 1281; x_wconf 84' lang='lat' dir='ltr'><strong>respondet</strong></span> <span class='ocrx_word' id='word_1_91' title='bbox 1016 1206 1153 1265; x_wconf 84' lang='lat' dir='ltr'><strong>nondum</strong></span> 
     </span>
     <span class='ocr_line' id='line_1_13' title="bbox 134 1294 1152 1372; baseline 0 -18"><span class='ocrx_word' id='word_1_92' title='bbox 134 1295 201 1354; x_wconf 86' lang='lat' dir='ltr'><strong>dieo</strong></span> <span class='ocrx_word' id='word_1_93' title='bbox 225 1312 314 1370; x_wconf 91' lang='lat' dir='ltr'><strong>quem</strong></span> <span class='ocrx_word' id='word_1_94' title='bbox 336 1297 489 1372; x_wconf 88' lang='lat' dir='ltr'><strong>torqueas,</strong></span> <span class='ocrx_word' id='word_1_95' title='bbox 511 1295 579 1371; x_wconf 93' lang='lat' dir='ltr'><strong>qnis</strong></span> <span class='ocrx_word' id='word_1_96' title='bbox 601 1295 680 1353; x_wconf 88' lang='lat' dir='ltr'><strong>inter</strong></span> <span class='ocrx_word' id='word_1_97' title='bbox 703 1294 819 1354; x_wconf 86' lang='lat' dir='ltr'><strong>eculeos</strong></span> <span class='ocrx_word' id='word_1_98' title='bbox 841 1295 984 1371; x_wconf 82' lang='lat' dir='ltr'><strong>ignesque</strong></span> <span class='ocrx_word' id='word_1_99' title='bbox 1009 1299 1152 1370; x_wconf 82' lang='lat' dir='ltr'><strong>ponatur,</strong></span> 
     </span>
     <span class='ocr_line' id='line_1_14' title="bbox 135 1383 1153 1460; baseline 0.001 -18"><span class='ocrx_word' id='word_1_100' title='bbox 135 1384 218 1442; x_wconf 85' lang='lat' dir='ltr'><strong>cuius</strong></span> <span class='ocrx_word' id='word_1_101' title='bbox 250 1386 358 1460; x_wconf 81' lang='lat' dir='ltr'><strong>arguta</strong></span> <span class='ocrx_word' id='word_1_102' title='bbox 384 1385 467 1460; x_wconf 90' lang='lat' dir='ltr'><strong>prius</strong></span> <span class='ocrx_word' id='word_1_103' title='bbox 489 1384 601 1442; x_wconf 89' lang='lat' dir='ltr'><strong>indicia</strong></span> <span class='ocrx_word' id='word_1_104' title='bbox 622 1383 815 1460; x_wconf 87' lang='lat' dir='ltr'><strong>praecedant;</strong></span> <span class='ocrx_word' id='word_1_105' title='bbox 842 1385 1037 1444; x_wconf 81' lang='lat' dir='ltr'><strong>novissimum</strong></span> <span class='ocrx_word' id='word_1_106' title='bbox 1062 1384 1153 1444; x_wconf 87' lang='lat' dir='ltr'><strong>debet</strong></span> 
     </span>
     <span class='ocr_line' id='line_1_15' title="bbox 134 1472 1152 1548; baseline 0 -16"><span class='ocrx_word' id='word_1_107' title='bbox 134 1490 212 1546; x_wconf 84' lang='lat' dir='ltr'><strong>esse,</strong></span> <span class='ocrx_word' id='word_1_108' title='bbox 239 1472 382 1548; x_wconf 89' lang='lat' dir='ltr'><strong>quioquid</strong></span> <span class='ocrx_word' id='word_1_109' title='bbox 410 1473 507 1533; x_wconf 88' lang='lat' dir='ltr'><strong>obiter</strong></span> <span class='ocrx_word' id='word_1_110' title='bbox 533 1475 691 1548; x_wconf 83' lang='lat' dir='ltr'><strong>torquetur</strong></span> <span class='ocrx_word' id='word_1_111' title='bbox 712 1476 743 1531; x_wconf 91' lang='lat' dir='ltr'><strong>et</strong></span> <span class='ocrx_word' id='word_1_112' title='bbox 766 1472 897 1547; x_wconf 88' lang='lat' dir='ltr'><strong>punitur.</strong></span> <span class='ocrx_word' id='word_1_113' title='bbox 943 1472 1032 1532; x_wconf 90' lang='lat' dir='ltr'><strong>fidem</strong></span> <span class='ocrx_word' id='word_1_114' title='bbox 1054 1473 1152 1532; x_wconf 90' lang='lat' dir='ltr'><strong>homi·</strong></span> 
     </span>
     <span class='ocr_line' id='line_1_16' title="bbox 134 1561 1189 1640; baseline 0.004 -21"><span class='ocrx_word' id='word_1_115' title='bbox 134 1581 206 1619; x_wconf 90' lang='lat' dir='ltr'><strong>num</strong></span> <span class='ocrx_word' id='word_1_116' title='bbox 228 1561 421 1637; x_wconf 80' lang='lat' dir='ltr'><strong>deorumque!</strong></span> <span class='ocrx_word' id='word_1_117' title='bbox 447 1579 484 1620; x_wconf 89' lang='lat' dir='ltr'><strong>ne</strong></span> <span class='ocrx_word' id='word_1_118' title='bbox 508 1563 688 1640; x_wconf 78' lang='lat' dir='ltr'><strong>gravitatem</strong></span> <span class='ocrx_word' id='word_1_119' title='bbox 710 1564 823 1636; x_wconf 87' lang='lat' dir='ltr'><strong>putetis</strong></span> <span class='ocrx_word' id='word_1_120' title='bbox 846 1581 864 1621; x_wconf 92' lang='lat' dir='ltr'><strong>a</strong></span> <span class='ocrx_word' id='word_1_121' title='bbox 886 1561 1055 1621; x_wconf 76' lang='lat' dir='ltr'><strong>notissimis</strong></span> <span class='ocrx_word' id='word_1_122' title='bbox 1078 1562 1149 1621; x_wconf 90' lang='lat' dir='ltr'><strong>ulti·</strong></span> <span class='ocrx_word' id='word_1_123' title='bbox 1165 1582 1189 1623; x_wconf 82' lang='lat' dir='ltr'><strong>rs</strong></span> 
     </span>
     <span class='ocr_line' id='line_1_17' title="bbox 134 1650 1150 1728; baseline 0.003 -20"><span class='ocrx_word' id='word_1_124' title='bbox 134 1650 249 1724; x_wconf 88' lang='lat' dir='ltr'><strong>misque</strong></span> <span class='ocrx_word' id='word_1_125' title='bbox 272 1652 409 1726; x_wconf 86' lang='lat' dir='ltr'><strong>coepisse.</strong></span> <span class='ocrx_word' id='word_1_126' title='bbox 454 1669 514 1709; x_wconf 93' lang='lat' dir='ltr'><strong>non</strong></span> <span class='ocrx_word' id='word_1_127' title='bbox 535 1650 628 1709; x_wconf 88' lang='lat' dir='ltr'><strong>hahet</strong></span> <span class='ocrx_word' id='word_1_128' title='bbox 648 1650 855 1726; x_wconf 76' lang='lat' dir='ltr'><strong>probationem</strong></span> <span class='ocrx_word' id='word_1_129' title='bbox 876 1651 1006 1724; x_wconf 82' lang='lat' dir='ltr'><strong>facinus,</strong></span> <span class='ocrx_word' id='word_1_130' title='bbox 1028 1651 1065 1710; x_wconf 90' lang='lat' dir='ltr'><strong>de</strong></span> <span class='ocrx_word' id='word_1_131' title='bbox 1089 1671 1150 1728; x_wconf 92' lang='lat' dir='ltr'><strong>quo</strong></span> 
     </span>
     <span class='ocr_line' id='line_1_18' title="bbox 133 1739 941 1816; baseline 0 -19"><span class='ocrx_word' id='word_1_132' title='bbox 133 1742 219 1814; x_wconf 88' lang='lat' dir='ltr'><strong>pater</strong></span> <span class='ocrx_word' id='word_1_133' title='bbox 241 1758 302 1798; x_wconf 91' lang='lat' dir='ltr'><strong>non</strong></span> <span class='ocrx_word' id='word_1_134' title='bbox 324 1741 424 1814; x_wconf 89' lang='lat' dir='ltr'><strong>potest</strong></span> <span class='ocrx_word' id='word_1_135' title='bbox 446 1739 540 1798; x_wconf 85' lang='lat' dir='ltr'><strong>alium</strong></span> <span class='ocrx_word' id='word_1_136' title='bbox 561 1742 700 1816; x_wconf 87' lang='lat' dir='ltr'><strong>torquere</strong></span> <span class='ocrx_word' id='word_1_137' title='bbox 723 1759 814 1816; x_wconf 91' lang='lat' dir='ltr'><strong>quam</strong></span> <span class='ocrx_word' id='word_1_138' title='bbox 838 1739 941 1805; x_wconf 86' lang='lat' dir='ltr'><strong>filium.</strong></span> 
     </span>
    </p>

    <p class='ocr_par' dir='ltr' id='par_1_3' title="bbox 80 1823 1189 2709">
     <span class='ocr_line' id='line_1_19' title="bbox 80 1823 1148 1905; baseline 0.001 -19"><span class='ocrx_word' id='word_1_139' title='bbox 80 1823 119 1880; x_wconf 74' lang='lat'><strong>12</strong></span> <span class='ocrx_word' id='word_1_140' title='bbox 200 1828 309 1903; x_wconf 82' lang='lat' dir='ltr'><strong>Video,</strong></span> <span class='ocrx_word' id='word_1_141' title='bbox 332 1846 392 1904; x_wconf 91' lang='lat' dir='ltr'><strong>qua</strong></span> <span class='ocrx_word' id='word_1_142' title='bbox 418 1829 513 1905; x_wconf 87' lang='lat' dir='ltr'><strong>possis</strong></span> <span class='ocrx_word' id='word_1_143' title='bbox 535 1829 653 1887; x_wconf 88' lang='lat' dir='ltr'><strong>ratione</strong></span> <span class='ocrx_word' id='word_1_144' title='bbox 676 1829 808 1903; x_wconf 85' lang='lat' dir='ltr'><strong>defendi,</strong></span> <span class='ocrx_word' id='word_1_145' title='bbox 835 1830 862 1888; x_wconf 90' lang='lat' dir='ltr'><strong>si</strong></span> <span class='ocrx_word' id='word_1_146' title='bbox 885 1830 985 1888; x_wconf 86' lang='lat' dir='ltr'><strong>omnia</strong></span> <span class='ocrx_word' id='word_1_147' title='bbox 1012 1831 1083 1888; x_wconf 90' lang='lat' dir='ltr'><strong>ante</strong></span> <span class='ocrx_word' id='word_1_148' title='bbox 1106 1831 1148 1888; x_wconf 86' lang='lat' dir='ltr'><strong>fe-</strong></span> 
     </span>
     <span class='ocr_line' id='line_1_20' title="bbox 133 1916 1149 1995; baseline 0 -18"><span class='ocrx_word' id='word_1_149' title='bbox 133 1918 214 1993; x_wconf 83' lang='lat' dir='ltr'><strong>cisti,</strong></span> <span class='ocrx_word' id='word_1_150' title='bbox 241 1920 276 1976; x_wconf 91' lang='lat' dir='ltr'><strong>ut</strong></span> <span class='ocrx_word' id='word_1_151' title='bbox 297 1919 443 1978; x_wconf 89' lang='lat' dir='ltr'><strong>incestum</strong></span> <span class='ocrx_word' id='word_1_152' title='bbox 466 1918 553 1976; x_wconf 87' lang='lat' dir='ltr'><strong>aliter</strong></span> <span class='ocrx_word' id='word_1_153' title='bbox 576 1936 700 1979; x_wconf 88' lang='lat' dir='ltr'><strong>erueres.</strong></span> <span class='ocrx_word' id='word_1_154' title='bbox 746 1916 910 1993; x_wconf 75' lang='lat' dir='ltr'><strong>quiduis?</strong></span> <span class='ocrx_word' id='word_1_155' title='bbox 953 1919 1149 1995; x_wconf 81' lang='lat' dir='ltr'><strong>interrogasti</strong></span> 
     </span>
     <span class='ocr_line' id='line_1_21' title="bbox 133 2007 1189 2084; baseline 0.003 -18"><span class='ocrx_word' id='word_1_156' title='bbox 133 2007 275 2082; x_wconf 85' lang='lat' dir='ltr'><strong>servulos,</strong></span> <span class='ocrx_word' id='word_1_157' title='bbox 297 2025 357 2066; x_wconf 93' lang='lat' dir='ltr'><strong>non</strong></span> <span class='ocrx_word' id='word_1_158' title='bbox 379 2008 480 2084; x_wconf 90' lang='lat' dir='ltr'><strong>potuit</strong></span> <span class='ocrx_word' id='word_1_159' title='bbox 502 2008 637 2066; x_wconf 85' lang='lat' dir='ltr'><strong>conscius</strong></span> <span class='ocrx_word' id='word_1_160' title='bbox 658 2007 794 2066; x_wconf 84' lang='lat' dir='ltr'><strong>inveniri.</strong></span> <span class='ocrx_word' id='word_1_161' title='bbox 836 2007 990 2082; x_wconf 85' lang='lat' dir='ltr'><strong>exquisisti</strong></span> <span class='ocrx_word' id='word_1_162' title='bbox 1013 2007 1148 2084; x_wconf 88' lang='lat' dir='ltr'><strong>ancillas,</strong></span> <span class='ocrx_word' id='word_1_163' title='bbox 1162 2029 1189 2069; x_wconf 83' lang='lat' dir='ltr'><strong>ao</strong></span> 
     </span>
     <span class='ocr_line' id='line_1_22' title="bbox 133 2095 1149 2174; baseline 0.001 -19"><span class='ocrx_word' id='word_1_164' title='bbox 133 2115 192 2156; x_wconf 91' lang='lat' dir='ltr'><strong>non</strong></span> <span class='ocrx_word' id='word_1_165' title='bbox 224 2098 365 2172; x_wconf 88' lang='lat' dir='ltr'><strong>apparuit</strong></span> <span class='ocrx_word' id='word_1_166' title='bbox 395 2097 532 2155; x_wconf 90' lang='lat' dir='ltr'><strong>ministra</strong></span> <span class='ocrx_word' id='word_1_167' title='bbox 564 2095 680 2174; x_wconf 84' lang='lat' dir='ltr'><strong>flagitii.</strong></span> <span class='ocrx_word' id='word_1_168' title='bbox 726 2114 785 2154; x_wconf 92' lang='lat' dir='ltr'><strong>non</strong></span> <span class='ocrx_word' id='word_1_169' title='bbox 818 2096 944 2155; x_wconf 89' lang='lat' dir='ltr'><strong>obscena</strong></span> <span class='ocrx_word' id='word_1_170' title='bbox 976 2097 1149 2156; x_wconf 87' lang='lat' dir='ltr'><strong>litterarum</strong></span> 
     </span>
     <span class='ocr_line' id='line_1_23' title="bbox 133 2185 1147 2261; baseline -0.003 -15"><span class='ocrx_word' id='word_1_171' title='bbox 133 2188 321 2261; x_wconf 84' lang='lat' dir='ltr'><strong>commercia,</strong></span> <span class='ocrx_word' id='word_1_172' title='bbox 349 2206 409 2246; x_wconf 92' lang='lat' dir='ltr'><strong>non</strong></span> <span class='ocrx_word' id='word_1_173' title='bbox 435 2186 558 2244; x_wconf 83' lang='lat' dir='ltr'><strong>fatentis</strong></span> <span class='ocrx_word' id='word_1_174' title='bbox 585 2185 801 2261; x_wconf 85' lang='lat' dir='ltr'><strong>reprehendisti</strong></span> <span class='ocrx_word' id='word_1_175' title='bbox 822 2185 948 2244; x_wconf 87' lang='lat' dir='ltr'><strong>nefande</strong></span> <span class='ocrx_word' id='word_1_176' title='bbox 975 2185 1147 2245; x_wconf 84' lang='lat' dir='ltr'><strong>blanditias.</strong></span> 
     </span>
     <span class='ocr_line' id='line_1_24' title="bbox 133 2274 1148 2349; baseline 0.002 -16"><span class='ocrx_word' id='word_1_177' title='bbox 133 2276 208 2333; x_wconf 86' lang='lat' dir='ltr'><strong>nihil</strong></span> <span class='ocrx_word' id='word_1_178' title='bbox 226 2277 342 2335; x_wconf 85' lang='lat' dir='ltr'><strong>invenis</strong></span> <span class='ocrx_word' id='word_1_179' title='bbox 360 2275 495 2349; x_wconf 84' lang='lat' dir='ltr'><strong>maritus,</strong></span> <span class='ocrx_word' id='word_1_180' title='bbox 513 2274 659 2349; x_wconf 91' lang='lat' dir='ltr'><strong>dominus,</strong></span> <span class='ocrx_word' id='word_1_181' title='bbox 676 2277 771 2348; x_wconf 86' lang='lat' dir='ltr'><strong>pater.</strong></span> <span class='ocrx_word' id='word_1_182' title='bbox 808 2276 820 2331; x_wconf 92' lang='lat' dir='ltr'><strong>i</strong></span> <span class='ocrx_word' id='word_1_183' title='bbox 837 2293 924 2348; x_wconf 85' lang='lat' dir='ltr'><strong>nuno,</strong></span> <span class='ocrx_word' id='word_1_184' title='bbox 943 2277 974 2333; x_wconf 88' lang='lat' dir='ltr'><strong>et</strong></span> <span class='ocrx_word' id='word_1_185' title='bbox 992 2274 1040 2332; x_wconf 91' lang='lat' dir='ltr'><strong>dic</strong></span> <span class='ocrx_word' id='word_1_186' title='bbox 1057 2277 1148 2335; x_wconf 84' lang='lat' dir='ltr'><strong>scisse</strong></span> 
     </span>
     <span class='ocr_line' id='line_1_25' title="bbox 132 2362 1149 2440; baseline 0.001 -18"><span class='ocrx_word' id='word_1_187' title='bbox 132 2382 288 2424; x_wconf 89' lang='lat' dir='ltr'><strong>rumorem.</strong></span> <span class='ocrx_word' id='word_1_188' title='bbox 335 2364 395 2440; x_wconf 89' lang='lat' dir='ltr'><strong>sed,</strong></span> <span class='ocrx_word' id='word_1_189' title='bbox 418 2367 453 2423; x_wconf 92' lang='lat' dir='ltr'><strong>ut</strong></span> <span class='ocrx_word' id='word_1_190' title='bbox 475 2367 629 2440; x_wconf 86' lang='lat' dir='ltr'><strong>torqueas,</strong></span> <span class='ocrx_word' id='word_1_191' title='bbox 656 2362 782 2421; x_wconf 87' lang='lat' dir='ltr'><strong>ducatur</strong></span> <span class='ocrx_word' id='word_1_192' title='bbox 810 2366 912 2422; x_wconf 87' lang='lat' dir='ltr'><strong>tamen</strong></span> <span class='ocrx_word' id='word_1_193' title='bbox 935 2365 1070 2438; x_wconf 86' lang='lat' dir='ltr'><strong>quaestio</strong></span> <span class='ocrx_word' id='word_1_194' title='bbox 1094 2383 1149 2439; x_wconf 89' lang='lat' dir='ltr'><strong>per</strong></span> 
     </span>
     <span class='ocr_line' id='line_1_26' title="bbox 132 2451 1187 2531; baseline 0.001 -19"><span class='ocrx_word' id='word_1_195' title='bbox 132 2454 267 2531; x_wconf 83' lang='lat' dir='ltr'><strong>coniugis</strong></span> <span class='ocrx_word' id='word_1_196' title='bbox 286 2455 460 2528; x_wconf 86' lang='lat' dir='ltr'><strong>ministeria,</strong></span> <span class='ocrx_word' id='word_1_197' title='bbox 482 2472 537 2528; x_wconf 90' lang='lat' dir='ltr'><strong>per</strong></span> <span class='ocrx_word' id='word_1_198' title='bbox 553 2451 610 2510; x_wconf 86' lang='lat' dir='ltr'><strong>filii</strong></span> <span class='ocrx_word' id='word_1_199' title='bbox 623 2452 770 2526; x_wconf 18' lang='lat' dir='ltr'><strong>,servulos</strong></span> <span class='ocrx_word' id='word_1_200' title='bbox 788 2453 820 2510; x_wconf 94' lang='lat' dir='ltr'><strong>in</strong></span> <span class='ocrx_word' id='word_1_201' title='bbox 837 2451 892 2510; x_wconf 90' lang='lat' dir='ltr'><strong>illa</strong></span> <span class='ocrx_word' id='word_1_202' title='bbox 909 2454 1010 2528; x_wconf 88' lang='lat' dir='ltr'><strong>potius</strong></span> <span class='ocrx_word' id='word_1_203' title='bbox 1028 2452 1147 2512; x_wconf 82' lang='lat' dir='ltr'><strong>vilitate</strong></span> <span class='ocrx_word' id='word_1_204' title='bbox 1162 2472 1187 2513; x_wconf 81' lang='lat' dir='ltr'><strong>ss</strong></span> 
     </span>
     <span class='ocr_line' id='line_1_27' title="bbox 133 2540 1148 2618; baseline -0.001 -17"><span class='ocrx_word' id='word_1_205' title='bbox 133 2542 293 2602; x_wconf 84' lang='lat' dir='ltr'><strong>desaeviat.</strong></span> <span class='ocrx_word' id='word_1_206' title='bbox 329 2545 413 2618; x_wconf 89' lang='lat' dir='ltr'><strong>prius</strong></span> <span class='ocrx_word' id='word_1_207' title='bbox 431 2544 485 2616; x_wconf 91' lang='lat' dir='ltr'><strong>est,</strong></span> <span class='ocrx_word' id='word_1_208' title='bbox 504 2543 538 2600; x_wconf 89' lang='lat' dir='ltr'><strong>ut</strong></span> <span class='ocrx_word' id='word_1_209' title='bbox 555 2540 728 2616; x_wconf 89' lang='lat' dir='ltr'><strong>repudietur</strong></span> <span class='ocrx_word' id='word_1_210' title='bbox 745 2559 827 2615; x_wconf 83' lang='lat' dir='ltr'><strong>uxor,</strong></span> <span class='ocrx_word' id='word_1_211' title='bbox 846 2544 881 2599; x_wconf 91' lang='lat' dir='ltr'><strong>ut</strong></span> <span class='ocrx_word' id='word_1_212' title='bbox 897 2540 1025 2599; x_wconf 81' lang='lat' dir='ltr'><strong>divortio</strong></span> <span class='ocrx_word' id='word_1_213' title='bbox 1043 2541 1099 2600; x_wconf 87' lang='lat' dir='ltr'><strong>fiat</strong></span> <span class='ocrx_word' id='word_1_214' title='bbox 1116 2542 1148 2600; x_wconf 91' lang='lat' dir='ltr'><strong>in</strong></span> 
     </span>
     <span class='ocr_line' id='line_1_28' title="bbox 133 2630 1148 2709; baseline 0.001 -20"><span class='ocrx_word' id='word_1_215' title='bbox 133 2631 220 2691; x_wconf 92' lang='lat' dir='ltr'><strong>domo</strong></span> <span class='ocrx_word' id='word_1_216' title='bbox 235 2630 346 2709; x_wconf 83' lang='lat' dir='ltr'><strong>grande</strong></span> <span class='ocrx_word' id='word_1_217' title='bbox 360 2635 512 2691; x_wconf 85' lang='lat' dir='ltr'><strong>secretum.</strong></span> <span class='ocrx_word' id='word_1_218' title='bbox 550 2630 664 2689; x_wconf 84' lang='lat' dir='ltr'><strong>excedit</strong></span> <span class='ocrx_word' id='word_1_219' title='bbox 683 2649 800 2688; x_wconf 87' lang='lat' dir='ltr'><strong>omnem</strong></span> <span class='ocrx_word' id='word_1_220' title='bbox 815 2631 1032 2704; x_wconf 88' lang='lat' dir='ltr'><strong>inmanitatem,</strong></span> <span class='ocrx_word' id='word_1_221' title='bbox 1051 2630 1148 2691; x_wconf 90' lang='lat' dir='ltr'><strong>filium</strong></span> 
     </span>
    </p>
   </div>
   <div class='ocr_carea' id='block_1_3' title="bbox 133 2781 1150 2958">
    <p class='ocr_par' dir='ltr' id='par_1_4' title="bbox 133 2781 1150 2958">
     <span class='ocr_line' id='line_1_29' title="bbox 204 2781 1150 2852; baseline 0.002 -15"><span class='ocrx_word' id='word_1_222' title='bbox 204 2781 390 2852; x_wconf 55' lang='lat' dir='ltr'><strong>tscmigtaris</strong></span> <span class='ocrx_word' id='word_1_223' title='bbox 410 2790 447 2850; x_wconf 77' lang='grc' dir='ltr'><strong>Μ,</strong></span> <span class='ocrx_word' id='word_1_224' title='bbox 467 2781 586 2835; x_wconf 86' lang='lat' dir='ltr'><strong>scrutari</strong></span> <span class='ocrx_word' id='word_1_225' title='bbox 603 2791 628 2834; x_wconf 79' lang='lat' dir='ltr'><em>J</em></span> <span class='ocrx_word' id='word_1_226' title='bbox 697 2781 794 2835; x_wconf 88' lang='lat' dir='ltr'><strong>4iam</strong></span> <span class='ocrx_word' id='word_1_227' title='bbox 812 2782 903 2835; x_wconf 87' lang='lat' dir='ltr'><strong>minas</strong></span> <span class='ocrx_word' id='word_1_228' title='bbox 922 2793 962 2834; x_wconf 74' lang='lat' dir='ltr'><strong>ao</strong></span> <span class='ocrx_word' id='word_1_229' title='bbox 1030 2787 1150 2851; x_wconf 61' lang='lat' dir='ltr'><strong>opraez</strong></span> 
     </span>
     <span class='ocr_line' id='line_1_30' title="bbox 133 2871 1098 2958; baseline -0.003 -14"><span class='ocrx_word' id='word_1_230' title='bbox 133 2907 179 2944; x_wconf 87' lang='lat' dir='ltr'><strong>ces</strong></span> <span class='ocrx_word' id='word_1_231' title='bbox 198 2899 231 2944; x_wconf 80' lang='grc' dir='ltr'><strong>ΙΙ</strong></span> <span class='ocrx_word' id='word_1_232' title='bbox 300 2888 457 2943; x_wconf 78' lang='lat' dir='ltr'><strong>tfurorem</strong></span> <span class='ocrx_word' id='word_1_233' title='bbox 474 2897 508 2944; x_wconf 72' lang='grc' dir='ltr'><em>Μ</em></span> <span class='ocrx_word' id='word_1_234' title='bbox 577 2871 710 2957; x_wconf 71' lang='lat' dir='ltr'><strong>tnegdti</strong></span> <span class='ocrx_word' id='word_1_235' title='bbox 727 2897 755 2940; x_wconf 80' lang='lat' dir='ltr'><em>B</em></span> <span class='ocrx_word' id='word_1_236' title='bbox 815 2888 1053 2958; x_wconf 72' lang='lat' dir='ltr'><strong>aruspicationes</strong></span> <span class='ocrx_word' id='word_1_237' title='bbox 1071 2899 1098 2941; x_wconf 80' lang='lat' dir='ltr'><em>J</em></span> 
     </span>
    </p>
   </div>
   <div class='ocr_carea' id='block_1_4' title="bbox 131 2976 1149 3281">
    <p class='ocr_par' dir='ltr' id='par_1_5' title="bbox 131 2976 1149 3281">
     <span class='ocr_line' id='line_1_31' title="bbox 133 2976 1149 3063; baseline -0.001 -12"><span class='ocrx_word' id='word_1_238' title='bbox 133 3002 165 3051; x_wconf 90' lang='lat'><strong>11</strong></span> <span class='ocrx_word' id='word_1_239' title='bbox 186 2997 248 3051; x_wconf 71' lang='lat' dir='ltr'><strong>aa</strong></span> <span class='ocrx_word' id='word_1_240' title='bbox 264 2995 315 3050; x_wconf 74' lang='lat' dir='ltr'><strong>sue</strong></span> <span class='ocrx_word' id='word_1_241' title='bbox 329 3003 388 3049; x_wconf 76' lang='lat' dir='ltr'><strong>aa</strong></span> <span class='ocrx_word' id='word_1_242' title='bbox 440 2994 504 3049; x_wconf 73' lang='lat'>&lt;1010</span> <span class='ocrx_word' id='word_1_243' title='bbox 519 3003 552 3047; x_wconf 77' lang='lat' dir='ltr'><strong>a</strong></span> <span class='ocrx_word' id='word_1_244' title='bbox 604 2999 637 3047; x_wconf 86' lang='lat'><strong>14</strong></span> <span class='ocrx_word' id='word_1_245' title='bbox 652 2994 743 3049; x_wconf 74' lang='lat' dir='ltr'><strong>obser</strong></span> <span class='ocrx_word' id='word_1_246' title='bbox 755 2996 865 3063; x_wconf 67' lang='lat' dir='ltr'><strong>saepe:</strong></span> <span class='ocrx_word' id='word_1_247' title='bbox 882 2976 990 3049; x_wconf 68' lang='lat' dir='ltr'><strong>aaa</strong></span> <span class='ocrx_word' id='word_1_248' title='bbox 1003 3004 1041 3063; x_wconf 66' lang='lat' dir='ltr'><strong>a,</strong></span> <span class='ocrx_word' id='word_1_249' title='bbox 1056 2995 1149 3050; x_wconf 71' lang='lat' dir='ltr'><strong>abac</strong></span> 
     </span>
     <span class='ocr_line' id='line_1_32' title="bbox 136 3065 1148 3135; baseline 0 -15"><span class='ocrx_word' id='word_1_250' title='bbox 136 3077 165 3135; x_wconf 66' lang='grc' dir='ltr'><strong>νς</strong></span> <span class='ocrx_word' id='word_1_251' title='bbox 185 3068 293 3122; x_wconf 91' lang='lat' dir='ltr'><strong>obieret</strong></span> <span class='ocrx_word' id='word_1_252' title='bbox 306 3077 347 3134; x_wconf 77' lang='lat'><strong>113</strong></span> <span class='ocrx_word' id='word_1_253' title='bbox 367 3066 491 3120; x_wconf 85' lang='lat' dir='ltr'><strong>obiceret</strong></span> <span class='ocrx_word' id='word_1_254' title='bbox 503 3075 538 3134; x_wconf 75' lang='lat'><strong>13</strong></span> <span class='ocrx_word' id='word_1_255' title='bbox 557 3082 607 3119; x_wconf 86' lang='lat' dir='ltr'><strong>om.</strong></span> <span class='ocrx_word' id='word_1_256' title='bbox 622 3074 668 3131; x_wconf 75' lang='lat' dir='ltr'><strong>nc</strong></span> <span class='ocrx_word' id='word_1_257' title='bbox 729 3065 813 3135; x_wconf 89' lang='lat' dir='ltr'><strong>punit</strong></span> <span class='ocrx_word' id='word_1_258' title='bbox 828 3088 863 3132; x_wconf 77' lang='lat' dir='ltr'><strong>o,</strong></span> <span class='ocrx_word' id='word_1_259' title='bbox 883 3083 950 3121; x_wconf 85' lang='lat' dir='ltr'><strong>corr.</strong></span> <span class='ocrx_word' id='word_1_260' title='bbox 966 3066 1004 3120; x_wconf 90' lang='lat' dir='ltr'><strong>H.</strong></span> <span class='ocrx_word' id='word_1_261' title='bbox 1069 3067 1148 3134; x_wconf 88' lang='lat' dir='ltr'><strong>quic·</strong></span> 
     </span>
     <span class='ocr_line' id='line_1_33' title="bbox 132 3135 1149 3210; baseline -0.001 -17"><span class='ocrx_word' id='word_1_262' title='bbox 132 3139 202 3210; x_wconf 91' lang='lat' dir='ltr'><strong>quid</strong></span> <span class='ocrx_word' id='word_1_263' title='bbox 224 3141 338 3209; x_wconf 88' lang='lat' dir='ltr'><strong>torquet</strong></span> <span class='ocrx_word' id='word_1_264' title='bbox 359 3137 418 3191; x_wconf 89' lang='lat' dir='ltr'><strong>urit</strong></span> <span class='ocrx_word' id='word_1_265' title='bbox 438 3137 522 3207; x_wconf 89' lang='lat' dir='ltr'><strong>punit</strong></span> <span class='ocrx_word' id='word_1_266' title='bbox 545 3137 623 3191; x_wconf 82' lang='lat' dir='ltr'><strong>Desa</strong></span> <span class='ocrx_word' id='word_1_267' title='bbox 638 3154 668 3206; x_wconf 83' lang='lat' dir='ltr'><strong>p.</strong></span> <span class='ocrx_word' id='word_1_268' title='bbox 688 3141 737 3205; x_wconf 81' lang='lat'><strong>933</strong></span> <span class='ocrx_word' id='word_1_269' title='bbox 761 3135 879 3209; x_wconf 85' lang='lat' dir='ltr'><strong>&lt;quod&gt;</strong></span> <span class='ocrx_word' id='word_1_270' title='bbox 899 3137 1033 3206; x_wconf 89' lang='lat' dir='ltr'><strong>quicquid</strong></span> <span class='ocrx_word' id='word_1_271' title='bbox 1057 3136 1149 3193; x_wconf 87' lang='lat' dir='ltr'><strong>obiter</strong></span> 
     </span>
     <span class='ocr_line' id='line_1_34' title="bbox 131 3208 1088 3281; baseline -0.005 -15"><span class='ocrx_word' id='word_1_272' title='bbox 131 3214 280 3281; x_wconf 90' lang='lat' dir='ltr'><strong>torquetur</strong></span> <span class='ocrx_word' id='word_1_273' title='bbox 306 3212 335 3265; x_wconf 90' lang='lat' dir='ltr'><strong>et</strong></span> <span class='ocrx_word' id='word_1_274' title='bbox 361 3208 444 3281; x_wconf 90' lang='lat' dir='ltr'><strong>punit</strong></span> <span class='ocrx_word' id='word_1_275' title='bbox 471 3208 554 3263; x_wconf 78' lang='lat' dir='ltr'><strong>Klotz</strong></span> <span class='ocrx_word' id='word_1_276' title='bbox 652 3212 684 3262; x_wconf 85' lang='lat' dir='ltr'><strong>1s</strong></span> <span class='ocrx_word' id='word_1_277' title='bbox 709 3209 823 3262; x_wconf 89' lang='lat' dir='ltr'><strong>deorum</strong></span> <span class='ocrx_word' id='word_1_278' title='bbox 849 3209 1049 3278; x_wconf 86' lang='lat' dir='ltr'><strong>hominumque</strong></span> <span class='ocrx_word' id='word_1_279' title='bbox 1073 3219 1088 3274; x_wconf 68' lang='lat' dir='ltr'><strong>a</strong></span> 
     </span>
    </p>
   </div>
   <div class='ocr_carea' id='block_1_5' title="bbox 130 3295 1148 3527">
    <p class='ocr_par' dir='ltr' id='par_1_6' title="bbox 130 3295 1148 3527">
     <span class='ocr_line' id='line_1_35' title="bbox 133 3295 1148 3386; baseline -0.004 -14"><span class='ocrx_word' id='word_1_280' title='bbox 133 3323 166 3372; x_wconf 88' lang='lat'><strong>18</strong></span> <span class='ocrx_word' id='word_1_281' title='bbox 184 3320 233 3373; x_wconf 90' lang='lat' dir='ltr'><strong>nte</strong></span> <span class='ocrx_word' id='word_1_282' title='bbox 253 3327 467 3386; x_wconf 49' lang='lat' dir='ltr'><strong>messapus·</strong></span> <span class='ocrx_word' id='word_1_283' title='bbox 530 3320 563 3369; x_wconf 80' lang='lat'><strong>19</strong></span> <span class='ocrx_word' id='word_1_284' title='bbox 583 3295 675 3369; x_wconf 67' lang='lat' dir='ltr'><strong>erueres</strong></span> <span class='ocrx_word' id='word_1_285' title='bbox 694 3325 722 3367; x_wconf 82' lang='lat' dir='ltr'><em>B</em></span> <span class='ocrx_word' id='word_1_286' title='bbox 780 3315 830 3384; x_wconf 92' lang='lat' dir='ltr'><strong>qui</strong></span> <span class='ocrx_word' id='word_1_287' title='bbox 849 3315 948 3382; x_wconf 59' lang='lat' dir='ltr'><strong>aiem</strong></span> <span class='ocrx_word' id='word_1_288' title='bbox 967 3314 1035 3382; x_wconf 86' lang='lat' dir='ltr'><strong>quie</strong></span> <span class='ocrx_word' id='word_1_289' title='bbox 1053 3314 1098 3369; x_wconf 89' lang='lat' dir='ltr'><strong>his</strong></span> <span class='ocrx_word' id='word_1_290' title='bbox 1117 3325 1148 3384; x_wconf 69' lang='grc' dir='ltr'><strong>νς</strong></span> 
     </span>
     <span class='ocr_line' id='line_1_36' title="bbox 131 3386 1148 3457; baseline -0.001 -15"><span class='ocrx_word' id='word_1_291' title='bbox 131 3389 200 3457; x_wconf 89' lang='lat' dir='ltr'><strong>qnia</strong></span> <span class='ocrx_word' id='word_1_292' title='bbox 219 3389 243 3442; x_wconf 92' lang='lat' dir='ltr'><strong>si</strong></span> <span class='ocrx_word' id='word_1_293' title='bbox 262 3398 294 3442; x_wconf 78' lang='grc' dir='ltr'><em>Μ</em></span> <span class='ocrx_word' id='word_1_294' title='bbox 357 3386 521 3457; x_wconf 81' lang='lat' dir='ltr'><strong>interrgasti</strong></span> <span class='ocrx_word' id='word_1_295' title='bbox 539 3395 560 3439; x_wconf 77' lang='lat' dir='ltr'><strong><em>V</em></strong></span> <span class='ocrx_word' id='word_1_296' title='bbox 638 3391 671 3440; x_wconf 78' lang='lat'><strong>20</strong></span> <span class='ocrx_word' id='word_1_297' title='bbox 690 3401 742 3439; x_wconf 90' lang='lat' dir='ltr'><strong>nec</strong></span> <span class='ocrx_word' id='word_1_298' title='bbox 761 3407 795 3452; x_wconf 74' lang='grc' dir='ltr'><strong>ως</strong></span> <span class='ocrx_word' id='word_1_299' title='bbox 815 3399 915 3442; x_wconf 72' lang='lat' dir='ltr'><strong>coras</strong></span> <span class='ocrx_word' id='word_1_300' title='bbox 987 3392 1020 3440; x_wconf 80' lang='lat'><strong>22</strong></span> <span class='ocrx_word' id='word_1_301' title='bbox 1039 3402 1097 3440; x_wconf 88' lang='lat' dir='ltr'><strong>non</strong></span> <span class='ocrx_word' id='word_1_302' title='bbox 1114 3404 1148 3441; x_wconf 76' lang='lat' dir='ltr'><strong>aa</strong></span> 
     </span>
     <span class='ocr_line' id='line_1_37' title="bbox 130 3456 1147 3527; baseline -0.001 -12"><span class='ocrx_word' id='word_1_303' title='bbox 130 3466 183 3515; x_wconf 82' lang='lat' dir='ltr'><strong>sios</strong></span> <span class='ocrx_word' id='word_1_304' title='bbox 197 3469 226 3514; x_wconf 80' lang='grc' dir='ltr'>Ι</span> <span class='ocrx_word' id='word_1_305' title='bbox 276 3459 393 3514; x_wconf 82' lang='lat' dir='ltr'><strong>ferentis</strong></span> <span class='ocrx_word' id='word_1_306' title='bbox 408 3469 435 3512; x_wconf 77' lang='grc' dir='ltr'><strong>ι’</strong></span> <span class='ocrx_word' id='word_1_307' title='bbox 491 3457 737 3527; x_wconf 77' lang='lat' dir='ltr'><strong>deprehendistis</strong></span> <span class='ocrx_word' id='word_1_308' title='bbox 792 3464 826 3512; x_wconf 72' lang='lat'><strong>23</strong></span> <span class='ocrx_word' id='word_1_309' title='bbox 844 3459 866 3512; x_wconf 89' lang='lat' dir='ltr'><strong>i:</strong></span> <span class='ocrx_word' id='word_1_310' title='bbox 881 3475 900 3510; x_wconf 94' lang='lat' dir='ltr'><strong>u</strong></span> <span class='ocrx_word' id='word_1_311' title='bbox 918 3467 940 3511; x_wconf 75' lang='lat' dir='ltr'><strong><em>V</em></strong></span> <span class='ocrx_word' id='word_1_312' title='bbox 988 3456 1077 3512; x_wconf 87' lang='lat' dir='ltr'><strong>fnisse</strong></span> <span class='ocrx_word' id='word_1_313' title='bbox 1097 3459 1147 3514; x_wconf 80' lang='lat' dir='ltr'><strong>Gr.</strong></span> 
     </span>
    </p>
   </div>
   <div class='ocr_carea' id='block_1_6' title="bbox 119 3523 370 3608">
    <p class='ocr_par' dir='ltr' id='par_1_7' title="bbox 119 3523 370 3608">
     <span class='ocr_line' id='line_1_38' title="bbox 119 3523 370 3608; baseline 0.004 -19"><span class='ocrx_word' id='word_1_314' title='bbox 119 3523 160 3589; x_wconf 72' lang='lat'><strong>2&#39;6</strong></span> <span class='ocrx_word' id='word_1_315' title='bbox 176 3529 322 3608; x_wconf 64' lang='lat' dir='ltr'><strong>deretuat</strong></span> <span class='ocrx_word' id='word_1_316' title='bbox 338 3541 370 3589; x_wconf 77' lang='lat' dir='ltr'><em>B</em></span> 
     </span>
    </p>
   </div>
   <div class='ocr_carea' id='block_1_7' title="bbox 0 0 1208 3832">
    <p class='ocr_par' dir='ltr' id='par_1_8' title="bbox 0 0 1208 3832">
     <span class='ocr_line' id='line_1_39' title="bbox 0 0 1208 3832; baseline 0 0"><span class='ocrx_word' id='word_1_317' title='bbox 0 0 1208 3832; x_wconf 95' lang='lat' dir='ltr'><strong> </strong></span> 
     </span>
    </p>
   </div>
  </div>
 </body>
</html>
