2408 3840
82 155 145 219 108
380 195 383 199 -
407 153 531 209 AEGER
548 152 770 208 nnnnMP‘rvs

80 324 155 381 mihi
187 322 312 400 grande,
344 322 418 382 velit
444 322 534 397 nolit,
564 323 687 382 fortuna
717 324 750 381 in
783 321 912 381 orbitate
939 320 1094 397 solacium,

81 412 176 470 filium
199 414 252 487 qui
269 411 390 471 relictus
407 430 474 470 mea
496 411 557 469 fuit
577 412 741 471 moriturus
763 410 887 485 invidia,
909 428 970 470 non
991 410 1095 485 occidi,

82 501 133 559 sed
155 501 279 576 perdidi
325 499 397 576 quid
419 503 478 575 ais,
498 498 639 560 iuvenis?
680 502 727 559 ita
749 501 776 559 si
797 499 976 559 moriturum
998 498 1095 558 filium

81 590 225 648 redimere
252 609 311 649 non
339 588 439 663 debui,
465 607 525 648 non
552 589 665 648 sufficit
690 589 765 648 haec
785 588 842 648 tibi
865 588 902 647 de
922 607 972 647 me
997 607 1094 664 poena

83 679 161 753 quod
184 679 235 737 ille
259 676 403 738 decessit?
438 678 527 737 irasci
548 679 629 753 patn'
650 681 769 737 tantum
792 677 920 737 fortasse
942 678 990 737 fas
1009 680 1094 751 emet,
1115 695 1128 737 s

83 768 109 826 si
139 769 254 827 vireret
288 767 388 826 frater.
438 770 510 826 tuno
546 767 689 825 alimenta
725 767 880 842 quaerenti
914 767 1093 842 respondere

82 875 195 933 posses:
219 851 318 932 ‘posco
336 850 524 931 praelatum?
558 858 703 931 quantum
720 856 873 933 intellego,
887 857 941 931 qui
960 855 997 915 de
1014 875 1093 915 men·

83 945 204 1004 dicitate
218 946 313 1022 patris
326 944 496 1019 vindicaris,
513 946 596 1022 aegri
610 963 641 1004 es
653 944 801 1020 redempti
813 944 930 1004 iuvenis
945 945 1093 1004 inimicus.

82 1037 176 1094 nescis
205 1034 277 1110 qnid
305 1036 345 1093 sit
376 1034 520 1092 invidiam
551 1033 648 1095 iacere
679 1033 768 1109 patri.
812 1034 918 1093 melior
948 1036 1016 1095 erat
1042 1036 1094 1093 tua

83 1142 181 1196 causa,
203 1124 229 1182 si
251 1123 311 1181 mei
333 1123 488 1181 misereris.
1107 1141 1130 1183 rs

149 1212 192 1269 At
218 1212 344 1286 quanto,
375 1211 418 1269 dii
449 1210 592 1287 deaeque,
617 1212 692 1270 alius
724 1211 786 1270 fuit
814 1211 867 1269 ille
897 1211 1095 1271 infelicissimi

83 1300 198 1359 iuvenis
222 1298 366 1359 affectus?
401 1299 506 1359 nuntio
529 1301 608 1358 enim
631 1302 661 1359 et
684 1299 823 1360 audiente
841 1303 873 1359 et
888 1302 955 1360 tota
973 1299 1095 1360 civitate

83 1392 159 1447 teste
186 1390 350 1465 proclamo:
377 1388 434 1448 tibi
461 1390 574 1466 gratim
602 1389 710 1466 agebat
731 1388 797 1464 ille,
825 1388 896 1447 dum
921 1391 1094 1449 moreretur.

84 1477 170 1537 eredo
193 1478 375 1536 mehercules
401 1477 457 1536 hoc
483 1479 624 1537 miserum
651 1476 752 1537 dolore
781 1480 990 1554 consumptum
1018 1477 1095 1554 quod

84 1566 141 1624 sibi
163 1567 323 1626 videbatur
348 1568 478 1643 pretium
501 1584 587 1626 suum
609 1565 684 1625 mihi
707 1566 878 1642 perdidisse.
923 1585 984 1626 non
1008 1567 1130 1627 aliterd

83 1656 179 1732 igitur
202 1675 292 1731 quam
316 1655 341 1714 si
363 1659 395 1714 te
416 1658 571 1732 praesente
594 1654 743 1730 deficeret,
774 1650 840 1732 ‘per
864 1651 962 1730 illud',
988 1656 1095 1732 inquit,

85 1739 189 1802 ‘frater
208 1744 327 1820 optime,
349 1745 497 1804 natalium
515 1746 683 1803 nostrorum
703 1763 820 1806 sacrum
837 1743 1095 1820 venerandumque

85 1834 277 1908 consortium,
304 1851 358 1908 per
380 1836 474 1892 socias
497 1834 764 1911 peregrinationes,
789 1853 844 1910 per
866 1834 993 1893 adversa
1019 1853 1095 1893 com-

84 1924 199 1996 munia,
226 1942 280 1997 per
301 1923 357 1981 hoo
380 1922 459 1998 quod
486 1924 516 1980 et
542 1925 577 1982 tu
603 1922 747 1999 languere
773 1922 912 1998 potuisti,
940 1923 966 1981 si
993 1924 1025 1982 te
1049 1921 1095 1982 vel

83 2013 138 2069 tua
159 2011 337 2086 quandoque
355 2011 451 2070 virtus
469 2012 518 2070 vel
540 2013 664 2070 satietas
687 2030 792 2071 secura
812 2010 996 2087 praedonum
1017 2011 1130 2088 pira-r·

84 2100 144 2159 tico
168 2118 283 2159 carcere
306 2102 446 2176 emiserit,
469 2100 641 2159 commendo
662 2099 719 2159 tibi
742 2119 842 2159 senem
860 2119 948 2175 quem
969 2100 1096 2160 facimus

85 2191 208 2264 uterque
230 2188 405 2247 mendicum.
447 2191 542 2248 testor
563 2188 746 2249 immortalia
768 2189 891 2248 numina
913 2191 946 2248 et
965 2189 1095 2248 inferna·

84 2298 151 2336 rum
174 2278 276 2337 sedum
299 2278 377 2352 deos,
399 2297 551 2354 pascerem
571 2281 698 2354 patrem,
722 2278 748 2338 si
769 2281 800 2337 te
822 2273 1017 2338 redemisset’

152 2367 216 2443 llgo
244 2369 358 2441 tamen,
385 2369 497 2443 inquit,
524 2368 598 2425 mihi
626 2366 732 2442 debeo,
760 2367 839 2443 quod
864 2385 1001 2426 reversus
1023 2384 1093 2427 sum.

85 2475 144 2515 non
167 2456 287 2533 quidem
310 2455 453 2531 quiddam
475 2456 577 2531 velim,
600 2457 729 2532 iuvenis,
753 2457 788 2515 de
806 2458 954 2516 virtutum
975 2459 1127 2515 tuanrmss

86 2545 283 2604 admiratione
311 2546 489 2618 detractum3
517 2545 622 2603 audias
648 2549 749 2604 tamen
777 2563 894 2605 necesse
916 2547 963 2604 est
986 2546 1021 2604 in
1042 2545 1094 2604 hnc

86 2634 199 2710 pietate
221 2653 332 2693 verum.
379 2636 506 2693 evasisse
529 2636 559 2692 te
581 2636 684 2710 putas,
710 2632 851 2712 ingrate?
894 2633 1037 2694 dimissus
1059 2653 1093 2693 es

85 2741 152 2781 mea
178 2723 275 2797 pietas
302 2723 396 2798 istud,
425 2742 491 2780 mea
519 2723 591 2781 fecit
618 2723 731 2782 electio.
776 2723 855 2782 unde
882 2724 962 2781 enirn
989 2724 1094 2797 evenit

87 2812 230 2888 quicquid
253 2815 322 2871 ante
345 2813 504 2887 captivitas
527 2814 581 2870 tua
598 2815 750 2888 praestare
774 2831 834 2872 non
856 2809 978 2888 potuit?
1008 2811 1095 2885 iacta,

159 2966 260 3018 ttunc
279 2976 306 3017 s:
325 2980 400 3017 nuno
418 2984 441 3015 ω
497 2962 643 3032 tquide:
663 2963 818 3033 quidemn
870 2961 996 3032 apanis
1011 2972 1098 3019 om

88 3041 119 3087 11
141 3038 181 3088 at:
205 3035 287 3088 ahB
366 3040 399 3087 14
422 3034 476 3088 hoc
494 3051 539 3088 me
557 3034 736 3088 miserumB
820 3040 852 3088 19
875 3034 1046 3103 perethoc
1063 3043 1095 3099 B,

87 3107 116 3158 et
133 3107 216 3161 dete
278 3105 355 3159 velut
372 3114 401 3160 B
471 3110 504 3159 20
524 3106 710 3176 quandoque}
728 3108 756 3175 (2
773 3106 814 3161 ccl
833 3110 850 3160 3
869 3106 919 3161 litt.
934 3107 983 3189 er.)
997 3114 1032 3161 Ι

87 3183 119 3228 21
141 3193 278 3231 carcerem
296 3177 405 3230 miserit
422 3184 461 3242 B,
481 3192 590 3231 carcere
608 3176 747 3230 remiserit
764 3186 795 3243 νς
813 3193 923 3232 carcere
941 3177 1053 3231 miserit
1070 3183 1099 3229 Ι

88 3253 121 3301 23
141 3249 237 3303 sedum
256 3249 276 3318 (i
293 3265 368 3319 supr.
384 3248 411 3315 δ)
426 3268 455 3301 a:
476 3247 585 3301 sedium
605 3259 657 3312 syc
717 3247 876 3303 redimisset
893 3257 915 3300 V
983 3253 1019 3302 26
1037 3247 1097 3318 qui-

88 3320 152 3372 dam
171 3328 212 3386 M3
232 3320 382 3388 quicquam
405 3327 490 3382 tmen
555 3319 662 3373 iuvenis
680 3318 764 3372 velim
784 3333 798 3383 β
865 3321 979 3373 tuarum
997 3335 1049 3374 om.
1065 3327 1097 3384 P,

86 3406 160 3458 supr.
173 3412 195 3451 ρ
248 3397 282 3445 26
301 3390 496 3444 ammiratione
510 3400 555 3457 1⁷33
573 3389 779 3460 {admiratione
792 3392 874 3460 (4-5
889 3391 940 3445 litt.
954 3392 1001 3461 er.)
1017 3400 1050 3444 Ι

88 3462 493 3531 detractumom.P,supr.1r
582 3466 616 3514 2⁷
639 3461 759 3530 pietate:
778 3464 860 3530 parte
880 3461 944 3518 our.
1035 3477 1098 3516 eve·

87 3532 215 3586 luisse-1
284 3538 317 3586 29
339 3535 415 3605 {non
433 3535 514 3602 (3-4
534 3534 584 3587 litt.
599 3533 647 3602 er.)
661 3541 693 3586 Ι
