2408 3840
365 130 600 188 1111011111110
618 131 772 189 x1c-1a
1014 133 1076 198 199

60 303 126 379 bor,
150 303 323 380 amplectar,
345 302 421 361 flebo
444 320 541 377 supra.
585 320 645 360 non
667 303 712 361 est
734 303 811 361 ratio
834 302 969 361 fortasse.
1009 301 1077 362 ideo

61 392 208 468 quicquid
228 391 375 450 rationem
397 391 479 464 uicit,
503 391 625 451 affectus
648 393 701 451 est.
737 391 814 449 nihil
837 393 882 450 est
905 392 1076 451 sceleratius

61 480 205 558 prudenti
227 481 363 540 orbitate.
398 479 486 554 levia,
507 473 618 555 inquit,
640 481 719 540 levia
745 480 860 555 loquor.
902 500 956 558 ego
981 480 1077 539 filium

61 589 165 630 meum
186 568 333 630 videbam.
379 587 525 644 quaenam
546 569 638 628 istum
660 569 790 643 fortuna,
813 587 888 644 quae
911 569 1078 629 indulserat

35 658 199 720 scondicio
230 655 378 717 naturae?
427 676 487 716 non
519 657 692 717 excludebat
724 658 836 716 orbitas
868 659 968 718 oculos
1000 662 1075 718 tuos.

63 767 130 808 eras
154 749 216 807 iam
239 750 407 821 consecuta,
434 748 539 821 mater,
561 750 595 805 ut
617 749 754 805 iuvenem
777 747 824 805 die
848 746 999 806 absentem
1022 767 1077 823 pu-

62 839 154 899 tares.
199 837 360 896 maximam
381 834 513 911 perdidit
534 854 614 895 mors
638 834 843 911 acerbitatem,
867 837 893 894 si
915 835 1011 912 possis
1033 838 1077 895 vi·

62 926 133 986 dere
157 944 245 1002 quem
268 925 410 984 amiseris.
456 924 556 984 videre
579 943 648 1003 ergo
671 925 728 983 tibi
750 924 950 1002 contingebat,
973 943 990 983 ο
1013 945 1077 983 mu-

62 1015 132 1091 lier,
156 1015 288 1090 vultum,
314 1013 463 1088 habitum,
486 1032 608 1096 corpus,
636 1016 792 1074 incessum.
838 1033 898 1072 non
921 1014 1078 1089 crederem,

22 1103 122 1164 renisi
145 1107 177 1162 te
204 1103 367 1179 perdidisse
391 1103 522 1162 sentires.
568 1104 703 1179 tempora
726 1121 796 1180 ergo
820 1123 887 1162 cum
914 1105 1010 1162 morte
1034 1104 1078 1161 di-

62 1193 177 1253 viseras
196 1195 227 1250 et
244 1191 403 1268 superstite
420 1190 483 1250 filio
501 1191 646 1251 fruebaris
662 1191 798 1251 omnibus
815 1192 953 1250 tenebris.
985 1211 1077 1267 quan-

61 1285 129 1341 tum
153 1281 325 1358 perdideris
347 1279 415 1340 hinc
438 1283 576 1340 aestima:
599 1282 655 1340 hcc
677 1281 742 1354 tibi,
765 1283 873 1339 sinon
896 1282 1078 1359 contigisset,
1152 1321 1155 1328 ·

61 1390 123 1431 non
146 1388 212 1430 eras
234 1371 298 1429 tam
319 1368 469 1446 improba,
491 1371 527 1427 ut
548 1372 675 1446 optares.
721 1370 839 1445 aliquis,
863 1388 880 1428 o
903 1371 1010 1446 pietas,
1033 1389 1077 1430 se-

61 1460 169 1537 pultus
192 1462 224 1518 et
246 1458 395 1533 conditus,
417 1461 509 1517 ceteri
531 1458 662 1534 corporis
685 1459 759 1516 cinis
782 1462 812 1518 et
835 1459 952 1534 favilla,
977 1461 1077 1518 tamen

22 1565 48 1608 ιε
62 1567 172 1626 corpus
201 1547 338 1608 sumebat
363 1549 395 1606 in
424 1549 511 1607 nocte
539 1551 569 1607 et
596 1547 634 1606 ad
662 1547 758 1606 solida
785 1550 913 1606 viventis
945 1549 1078 1607 membra

61 1640 223 1697 revocatus
245 1636 407 1713 praebebat
429 1655 460 1696 se
482 1638 588 1695 matris
611 1637 706 1696 oculis
726 1637 846 1711 qualem
868 1656 927 1696 non
946 1637 1078 1697 crederes

60 1745 255 1788 recessurum.
292 1743 346 1784 nec
364 1727 448 1800 queri
466 1724 502 1784 de
516 1725 581 1784 luce
598 1728 777 1802 poteramus.
811 1728 956 1801 quantum
969 1726 1079 1785 licebat

63 1816 178 1875 aderat
223 1814 345 1874 videbas
377 1833 463 1891 ergo,
499 1815 620 1889 mulier,
657 1833 691 1873 ac
722 1815 892 1891 praesentia
923 1816 1077 1874 fruebaris.

62 1898 237 1979 ‘videbam',
268 1903 379 1979 inquit,
407 1896 451 1962 ‘et
480 1902 608 1962 hueber.
654 1906 685 1962 et
716 1903 755 1962 ad
783 1924 870 1979 quem
900 1904 1078 1980 pertinebat,

22 2010 151 2072 arrogo,
180 1993 297 2051 etiamsi
319 1988 519 2068 decipiebarl'
566 1993 617 2051 sed
641 1992 711 2068 quid
735 2011 789 2071 ego
812 1996 883 2052 utor
906 1994 1078 2053 testimonio

62 2080 139 2143 tuo?
175 2100 263 2158 mago
282 2081 367 2140 credo
391 2084 421 2140 et
438 2080 548 2141 vidisse
570 2083 601 2140 te
622 2081 720 2140 filium
742 2085 772 2140 et
790 2101 869 2140 nunc
891 2102 951 2141 non
969 2082 1078 2141 videre.

131 2170 175 2230 At
196 2173 231 2230 tu
252 2172 361 2229 misera
383 2170 458 2228 nihil
482 2169 627 2229 crudelius
650 2190 685 2229 ex
707 2171 815 2230 marito
838 2171 965 2229 timebas
989 2189 1079 2246 quarn
1094 2170 1132 2226 lc

62 2280 100 2319 ne
128 2259 187 2318 tibi
213 2278 273 2317 non
296 2259 434 2318 crederet.
481 2253 599 2334 ‘nemo',
627 2260 738 2335 inquit,
763 2255 867 2319 ‘oculis
890 2261 963 2318 meis
990 2260 1079 2318 fidem

63 2348 212 2409 detrahat.
248 2347 301 2423 fili,
319 2347 574 2426 indulgentissime
593 2347 772 2423 adolescens,
785 2348 849 2407 vidi
866 2351 905 2424 te,
919 2366 973 2408 nec
989 2349 1079 2408 semel

25 2453 50 2496 ι
63 2438 137 2498 vidi.
183 2439 298 2496 certum
321 2439 378 2511 est,
404 2437 496 2495 fixum
519 2440 577 2513 est,
600 2437 674 2512 eripi
697 2457 758 2496 non
779 2439 886 2513 potest.
933 2441 1079 2513 quatenus

63 2526 176 2604 impius
203 2527 289 2602 pater
316 2529 346 2585 et
371 2527 428 2585 hoc
455 2525 512 2584 tibi
539 2526 654 2585 auferre
682 2527 818 2602 conatur,
846 2530 880 2585 ut
906 2529 937 2586 te
963 2527 1079 2586 venisse

65 2635 126 2676 non
154 2612 292 2674 credun?
336 2634 390 2674 nec
416 2614 492 2673 illud
519 2615 640 2692 garrula
667 2633 720 2674 nec
747 2635 825 2674 vana
850 2635 920 2675 voce
948 2615 1078 2694 vulgavi,

64 2705 168 2765 venire
189 2707 221 2764 te
243 2704 319 2762 nulli
345 2702 488 2779 indicavi,
515 2704 573 2762 nisi
596 2704 648 2780 qui
675 2703 795 2763 deberet
822 2708 937 2780 optare,
963 2708 998 2763 ut
1023 2706 1080 2764 hoc

64 2811 176 2872 posses.
221 2793 302 2872 patri
327 2795 447 2851 tautum
468 2796 533 2867 tuo,
561 2793 642 2869 patri
664 2825 708 2834 —
731 2794 849 2870 ignosce
873 2794 1012 2871 deceptae
1039 2826 1077 2835 -

24 2899 51 2940 so
65 2883 201 2942 confessa
224 2899 298 2957 sum,
321 2881 392 2940 dum
413 2882 575 2959 interrogo,
598 2884 689 2940 ante
712 2884 743 2940 et
764 2883 816 2942 ille
839 2879 982 2942 vidisset!

137 3033 261 3088 tvincit
282 3043 303 3086 ν
328 3096 332 3108 ¹
384 3038 400 3085 3
418 3033 571 3105 prudenti}
588 3036 616 3104 (a
634 3036 682 3103 cr.)
701 3043 733 3086 Μ
810 3039 827 3087 4
848 3050 921 3103 quae
940 3052 989 3089 om.
1010 3045 1031 3087 ν

64 3157 198 3214 boculos
216 3159 279 3211 tuos
298 3157 438 3222 orbitare
492 3120 611 3230 iride}3
626 3168 654 3211 B
714 3163 747 3210 14
767 3160 860 3212 cetera
878 3159 937 3214 Sela
999 3164 1032 3212 lt
1051 3160 1081 3212 et

65 3239 107 3285 1:
128 3229 178 3284 sed
195 3230 295 3298 reliqui
357 3229 486 3283 uirentus
504 3231 545 3284 cel
562 3229 691 3283 iuventus
711 3239 767 3283 ΜΡ
821 3235 854 3283 18
874 3230 1028 3284 adherebat
1042 3238 1079 3296 11,

63 3301 110 3357 vel
129 3300 249 3356 adherat
265 3321 297 3353 ιι
368 3300 422 3354 hac
444 3310 465 3353 v
534 3305 566 3355 19
585 3300 698 3354 fruebat
716 3310 754 3368 st,
772 3318 841 3356 corr.
855 3322 887 3353 m
959 3306 993 3354 20
1011 3316 1080 3370 rogo

64 3381 160 3430 coele
215 3377 248 3426 21
267 3388 325 3426 non
342 3388 392 3427 cm.
408 3380 441 3424 Μ
504 3376 539 3425 24
557 3371 610 3428 dli:
630 3370 682 3424 filii
693 3380 733 3439 123
751 3372 811 3428 vidi
832 3372 894 3428 Obr.
959 3378 992 3426 25
1011 3387 1079 3441 qua-

64 3444 186 3498 tinus}⁷
254 3449 287 3498 2⁷
306 3442 402 3514 vulgvi
420 3452 461 3509 11,
480 3459 595 3498 corum
667 3447 701 3496 29
721 3444 872 3512 deceptae
944 3449 978 3497 30
997 3460 1033 3497 an
1051 3444 1080 3497 te

64 3533 117 3572 om.
133 3523 170 3582 Ι,
189 3532 264 3585 mcpr.
279 3536 311 3568 ne
