2408 3840
94 153 210 207 XXVIII
495 154 710 209 PRAEFATIO.

94 323 251 381 suetudine
272 324 457 383 declamandi
480 324 772 400 declamatornmque
797 325 842 384 ita
867 344 974 402 genere
997 325 1118 387 dicendi

93 411 200 470 harum
214 412 464 472 declamationum
487 415 641 489 perpensis
664 416 695 472 et
712 414 872 474 intellectis
891 416 1047 493 contingat
1071 418 1117 476 eis

94 519 170 575 quae
194 521 272 560 nunc
295 505 399 579 coepta
422 505 500 578 sunt,
524 502 563 562 ad
585 503 703 562 felicem
727 504 841 562 exitum
863 504 1030 579 perducere.

160 591 383 651 Testimonia
410 592 465 651 illa
492 595 522 650 et
548 593 718 670 fragmenta
746 593 783 652 ad
807 591 988 662 Quintiliani
1016 593 1113 653 decla-

92 682 239 740 mationes
262 682 444 757 pertinentia
467 701 543 757 quae
566 702 595 757 p.
618 682 735 757 352sq.
759 682 1025 742 declamationibus
1044 685 1112 743 sub·

92 770 162 843 ieci,
193 789 227 828 eo
259 771 382 829 consilio
413 770 528 845 addidi,
559 774 607 845 ut,
637 773 813 847 praesertim
843 790 911 830 cum
941 770 972 830 O.
991 762 1116 832 Ritter

91 859 122 915 in
156 858 286 917 editione
318 859 467 919 minorum
499 878 575 935 quae
611 862 757 919 vocantur
792 861 1044 920 declamationum
1076 882 1112 921 ea

92 947 257 1006 describere
280 949 433 1022 noluisset,
457 951 557 1008 omnia
581 968 658 1024 quae
681 949 719 1008 ad
742 949 972 1009 declamationes
994 949 1113 1020 Quinti-

91 1036 165 1094 liani
185 1037 238 1096 sub
257 1039 376 1097 nomine
395 1038 584 1096 circumlatas
604 1040 749 1114 spectant,
772 1039 923 1099 commode
942 1040 1112 1117 legentibus

91 1127 210 1202 praesto
235 1129 340 1185 essent.

158 1215 419 1291 Excerptorum
442 1215 518 1274 duae
542 1216 579 1273 ad
603 1233 656 1274 nos
680 1218 827 1276 venerunt
849 1219 1043 1277 recensiones

157 1304 286 1363 Exstant
308 1307 388 1363 enim
405 1307 435 1362 in
457 1304 556 1364 codice
574 1305 781 1365 Monacensi
804 1306 899 1364 latino
920 1308 989 1366 631
1013 1299 1114 1388 (W)

89 1393 315 1453 membranaceo
347 1394 537 1453 miscellaneo
569 1395 666 1452 forma
698 1397 892 1471 quaternaria
924 1397 1110 1455 saeculorum

89 1481 264 1541 XII-XIV
282 1484 424 1542 foliorum
445 1485 507 1542 148
532 1483 605 1542 olim
623 1483 805 1543 Hartmanni
824 1483 973 1543 Schedelii
990 1485 1110 1544 Norim-

88 1570 240 1648 bergensis
259 1575 366 1632 octavo
384 1565 481 1654 loco²)
501 1572 570 1631 inde
589 1592 607 1631 a
626 1573 699 1632 folio
715 1575 786 1632 61νο
805 1567 854 1654 (=
871 1574 909 1632 31
932 1575 994 1632 eius
1013 1578 1112 1651 partis

89 1679 166 1735 quae
190 1661 227 1719 ab
247 1660 350 1720 eadem
368 1682 460 1721 manu
483 1665 574 1737 atque
596 1662 827 1722 declamationes
846 1663 959 1738 scripta
977 1656 1036 1745 est)
1061 1683 1109 1722 ex-

89 1751 190 1824 cerpta
214 1769 291 1825 quae
314 1751 529 1810 inscribuntur:
557 1753 659 1825 Incipit
681 1753 752 1811 liber
776 1751 952 1826 Quicttticnt
974 1754 1010 1812 de
1033 1755 1109 1827 lecc-

88 1839 165 1897 libus
187 1841 310 1898 stanteis
333 1843 455 1900 exarata
478 1842 596 1900 sacculo
615 1840 689 1898 XIII
711 1841 854 1900 litterulis
876 1841 1000 1900 minutis
1023 1842 1109 1902 Incli-

87 1929 167 1987 natis
187 1928 329 1988 adhibitis
343 1930 500 2004 permultis
520 1930 711 2005 compendiis,
728 1932 773 1989 ita
792 1934 826 1989 ut
840 1931 1013 2006 saepissime
1032 1952 1109 2007 quae

87 2019 201 2092 scripta
231 2020 304 2091 sint,
335 2018 458 2076 enodari
486 2021 537 2078 vix
566 2019 690 2094 possint.
732 2021 764 2078 in
794 2020 983 2096 excerpendis
1012 2020 1109 2080 decla-

87 2107 269 2166 mationibus
293 2107 404 2182 duplici
427 2107 453 2168 is
483 2111 534 2183 qui
562 2111 700 2184 excerpta
728 2109 868 2184 confecit,
897 2111 1014 2168 ratione
1037 2129 1111 2170 usus

88 2198 145 2269 est,
169 2214 239 2254 narn
261 2199 373 2271 partim
401 2198 439 2255 ad
467 2197 590 2256 verbum
618 2198 678 2256 fere
706 2199 823 2257 textum
846 2200 963 2258 omissis
987 2198 1107 2275 quibus-

24 2281 26 2284 ’
87 2283 154 2343 dam
178 2287 312 2360 repetiit,
342 2288 453 2361 partim
481 2290 573 2362 atque
601 2287 633 2344 id
656 2289 784 2346 maxime
810 2287 843 2346 in
867 2287 1018 2363 prioribus
1041 2288 1108 2346 bre-

86 2375 163 2432 viter
192 2377 311 2433 tantum
341 2375 503 2435 sententias
536 2379 771 2453 argumentaque
804 2376 935 2435 reddidit
964 2377 1013 2436 hic
1042 2378 1107 2436 illic

86 2462 264 2538 quibusdam
287 2465 323 2523 de
347 2484 400 2525 suo
423 2466 616 2540 interpositis.
658 2465 731 2524 haec
753 2467 873 2543 integra
896 2466 1048 2541 descripsi,
1071 2486 1107 2526 ex

85 2552 146 2611 illis
171 2571 205 2612 ea
228 2556 348 2612 tantum
371 2554 449 2631 elegi
468 2573 543 2629 quae
567 2574 585 2613 a
609 2553 859 2614 declamationum
880 2554 978 2614 verbis
998 2555 1107 2614 discre-

84 2644 167 2716 pant.
217 2646 392 2719 argumento
417 2642 643 2702 declamationis
665 2644 697 2702 H
728 2663 793 2703 eam
822 2645 949 2703 formam
980 2647 1107 2720 apposui

86 2749 161 2805 quae
189 2751 224 2789 ex
248 2731 384 2791 Parisino
411 2734 496 2792 7900
516 2734 545 2790 A
574 2726 742 2814 innotuit.³)
785 2732 1032 2792 declamationem
1059 2733 1107 2792 ΠΙ

85 2822 204 2878 omnino
227 2823 343 2896 respuit
365 2822 390 2881 is
410 2823 457 2881 cui
481 2824 620 2897 excerpta
644 2822 797 2896 debentur,
820 2821 1072 2881 declamationum
1090 2823 1106 2880 I

84 2911 115 2966 et
128 2908 199 2966 XIX
212 2911 257 2968 ita
271 2913 390 2969 tantum
408 2914 555 2970 rationem
569 2911 683 2985 habuit,
701 2915 736 2970 ut
754 2913 917 2970 sententias
931 2912 1106 2986 luminaque

84 2997 231 3072 quaedam
255 3018 289 3057 ex
313 3000 355 3059 eis
375 3000 551 3076 deprompta
573 3002 717 3060 insereret
740 3002 782 3060 eis
802 3019 878 3075 quae
899 3020 934 3059 ex
957 3000 1105 3059 declama-

83 3146 296 3154 ..-ἡ-ξ

156 3241 181 3310 1)
201 3240 235 3295 cf.
256 3240 423 3310 Hammer,
442 3260 469 3311 p.
485 3246 518 3296 31
530 3260 589 3311 sqq.

155 3315 181 3376 2)
201 3312 235 3365 cf.
255 3312 378 3366 indicem
397 3313 426 3365 in
445 3314 576 3382 catalogo
593 3313 722 3367 codicum
739 3312 894 3367 latinorum
911 3312 1104 3367 bibliothecae

82 3381 177 3452 regiae
191 3383 367 3438 Monacensis
383 3384 459 3438 edito
475 3384 601 3439 aCarolo
616 3385 714 3438 Halm
728 3387 757 3439 et
771 3384 892 3455 Georgio
906 3384 1104 3439 Laubmann

81 3451 94 3505 1
109 3458 124 3506 ¹
139 3456 230 3589 (iiii
244 3460 429 3582 mamm
445 3533 479 3582 ⁵6
495 3531 595 3598 (reor),
614 3547 640 3598 p.
657 3534 709 3582 irc
720 3545 779 3597 sqq.
