2408 3840
407 106 641 177 nummario
660 123 687 177 11
701 128 769 177 ⁷-c
1050 123 1093 187 27

79 312 170 370 quam
191 292 323 352 occidere
345 292 495 350 hominem
513 293 599 350 iuxta
615 294 645 351 te
663 290 830 350 iacentem?
854 293 976 371 aggredi
994 311 1093 352 senem

81 383 135 460 qni
155 401 186 441 aa
208 383 271 441 tuis
295 380 452 440 crediderit
475 379 680 457 amplexibus?
703 382 785 440 cuius
804 400 921 442 somnos
944 384 1011 458 ipsa
1034 382 1092 442 die·

80 468 194 549 ponas?
216 470 284 547 ipsa
307 467 477 530 custodias?
514 469 608 529 omnis
632 470 709 529 alius
732 489 889 546 percussor
911 471 1091 548 deprehendi

79 562 187 637 potest,
207 562 369 636 antequam
382 560 480 633 feriat,
495 579 568 618 uxor
581 578 641 618 non
655 561 792 634 sentitur,
806 559 865 618 nisi
883 560 956 618 durn
974 560 1092 619 occidit.

51 669 136 710 snon
160 651 220 724 est,
242 648 366 722 iudices,
388 647 571 722 incredibile,
593 651 628 707 ut
651 647 791 708 occiderit
813 649 921 707 mulier
943 649 1090 708 hominem
1152 709 1155 714 ,

77 759 168 816 quem
192 737 303 796 dicitur
324 739 457 813 potuisse
482 755 584 796 caecus
609 737 747 797 occidere.

86 863 90 869 ‚
143 827 275 886 Facinus
303 829 361 902 est,
387 826 514 902 iudices,
541 825 568 885 si
592 844 693 886 caecos
720 826 829 886 habere
856 846 916 887 non
944 827 1128 886 credimnst

76 917 137 976 nisi
160 916 345 975 necessitatis
373 916 581 975 innocentiam.
625 917 723 992 prima
747 917 792 974 est
819 915 976 975 infirmitas
1000 915 1092 974 caeci·

76 1006 165 1081 tatis,
193 1007 230 1064 nt
256 1006 339 1063 nolit.
385 1004 501 1062 fallitur
529 1004 663 1080 quisquis
690 1005 767 1063 hanc
799 1006 1002 1064 calamitatem
1032 1023 1093 1063 non

38 1116 66 1157 ro
77 1095 247 1153 animorum
260 1095 357 1171 ,putet
380 1111 455 1168 esse,
484 1091 535 1152 sed
558 1112 720 1170 corporum.
766 1095 861 1152 totius
887 1093 1015 1153 hominis
1044 1092 1093 1151 de-

76 1184 181 1242 bilitas
209 1185 255 1242 est
282 1183 383 1242 oculos
409 1181 582 1258 perdidisse.
629 1184 659 1241 et
690 1181 716 1240 si
748 1181 906 1260 diligenter
936 1185 1020 1242 actus
1047 1182 1092 1240 in·

76 1273 193 1331 tuearis
215 1272 369 1346 humanos,
391 1270 558 1330 ministeria
580 1271 728 1329 luminum
751 1289 859 1331 sumus.
906 1290 1009 1331 caecus
1033 1289 1093 1329 non

76 1361 228 1437 irascitur,
241 1379 301 1419 non
319 1361 391 1436 odit,
409 1380 469 1419 non
488 1360 678 1436 concupiscit.
715 1362 745 1419 et
763 1379 830 1419 cum
849 1379 973 1436 corpora
990 1363 1093 1420 nostra

76 1452 219 1528 vigorem,
240 1449 276 1509 de
302 1449 466 1509 luminibus
495 1450 656 1525 accipiant,
684 1452 809 1525 pereunt
836 1468 905 1508 cum
927 1451 987 1509 suis
1017 1449 1093 1509 vitia

37 1560 64 1602 rs
77 1541 186 1599 causis.
224 1558 260 1598 en
284 1538 320 1598 ad
342 1538 420 1614 quod
444 1546 603 1615 erumpant
625 1557 731 1597 manus
751 1557 827 1615 quae
850 1540 984 1615 proxima
1004 1556 1092 1614 quae-

78 1648 138 1705 que
160 1628 278 1687 tamdiu
296 1629 457 1704 quaerunt,
472 1637 592 1687 ‘manus
615 1647 693 1704 quae
712 1646 765 1686 sua
785 1646 903 1703 quoqne
926 1627 1093 1687 ministeria

76 1737 138 1776 non
167 1716 328 1793 explicantl
375 1717 496 1776 audebit
527 1716 687 1792 quicquam
715 1735 821 1792 corpus
849 1716 926 1775 illud
950 1715 1030 1791 quod
1055 1716 1093 1775 ad

77 1807 214 1884 singulos
241 1806 299 1865 sibi
321 1807 440 1865 videtur
467 1805 600 1866 decidere
627 1803 748 1864 motus?
780 1806 828 1865 cui
856 1805 997 1882 quicquid
1023 1808 1093 1864 ante

77 1915 108 1954 se
133 1898 188 1970 est,
211 1894 303 1954 donec
322 1894 499 1971 exploretur,
522 1894 684 1970 abruptum
706 1888 774 1954 est?
810 1895 926 1954 facinus
946 1895 1093 1971 admittet,

34 2006 63 2048 ao
77 1985 110 2043 in
124 2003 185 2061 quo
204 1984 280 2042 nihil
298 1983 361 2060 ipse
379 1985 514 2043 facturus
534 1982 600 2043 est?
634 1983 761 2059 facinus,
780 1984 860 2059 quod
877 1986 975 2042 toturn
992 1984 1093 2043 credat

78 2072 161 2133 alio?
207 2073 328 2149 quidsi
356 2073 482 2132 caecitas
507 2074 559 2147 sit,
587 2092 677 2148 quam
704 2072 829 2132 fecerint
856 2071 962 2150 ignes?
1006 2092 1092 2132 nemo

76 2162 109 2221 in
137 2161 275 2222 incendio
302 2162 380 2221 solos
408 2182 443 2220 ex
470 2162 589 2220 homine
619 2162 718 2239 perdit
745 2163 853 2221 oculos.
899 2165 971 2221 tunc
1002 2162 1092 2221 facies

78 2253 172 2312 sentit
193 2250 371 2324 incendium,
395 2270 462 2310 cum
485 2250 617 2309 ambusti
639 2251 770 2310 defecere
794 2269 926 2328 gressus,
950 2269 1018 2309 cum
1041 2269 1093 2326 op-

77 2341 152 2416 poni
174 2359 234 2399 non
257 2342 382 2416 possunt
403 2359 458 2416 pro
482 2340 575 2399 oculis
598 2359 716 2415 manus,
740 2342 770 2398 et
793 2338 830 2397 ad
852 2340 968 2398 lumina
990 2341 1092 2398 nostra

34 2451 63 2492 rs
78 2430 215 2488 flammas
239 2431 371 2488 omnium
393 2429 781 2488 membrornm'vulneribus
801 2428 994 2487 admittimus.
1028 2446 1092 2487 cae·

79 2539 148 2578 cum
174 2519 223 2578 vel
250 2518 306 2577 hoc
332 2519 424 2577 faciet
450 2519 637 2577 innocentem
665 2518 744 2594 quod
770 2517 842 2576 licet
868 2518 994 2593 viribus,
1021 2517 1093 2577 licet

78 2607 210 2667 sufficiat
242 2606 380 2684 audacia,
411 2625 471 2666 non
502 2607 593 2666 habet
621 2607 844 2684 persuasionem
875 2607 1004 2667 hominis
1042 2607 1094 2682 qui

78 2698 175 2774 possit
197 2698 357 2772 imponere.

151 2908 167 2955 2
187 2918 310 2956 somnos:
335 2917 436 2955 sonnos
456 2910 488 2954 Μ
504 2902 540 2972 (et
557 2902 598 2956 itu
618 2901 674 2968 fere
692 2902 803 2972 semper)
877 2907 893 2954 4
911 2847 978 2972 po'sd
996 2911 1024 2955 Β

77 2979 226 3028 scaccos:
251 2989 365 3027 caecum
383 2982 416 3026 Μ
485 2972 696 3026 8necessitatis
719 2990 753 3028 erc
774 2973 902 3027 cecitatis
925 2982 947 3025 V
1013 2973 1094 3027 inno-

76 3043 375 3100 centiam-cecitatis
393 3061 468 3113 supr.
482 3053 510 3097 B
564 3048 579 3097 9
598 3042 682 3097 nollit
699 3053 721 3096 V
772 3049 804 3097 11
825 3044 848 3097 si
867 3061 917 3099 om.
932 3054 966 3110 B,
985 3061 1060 3114 supr.
1076 3055 1093 3098 a

79 3158 112 3206 14
133 3151 278 3221 accipiant
297 3152 331 3205 de
349 3150 503 3205 luminibus
523 3164 537 3215 β
590 3153 708 3220 pereant
730 3160 752 3203 V
821 3155 854 3205 15
874 3151 910 3204 ad
929 3153 1016 3220 quod:
1037 3132 1094 3219 (fad

78 3233 110 3277 Μ
181 3222 427 3292 proxima—quae
446 3223 463 3277 l.
478 3227 515 3277 16
534 3239 583 3278 ora.
599 3232 626 3275 P
697 3229 728 3277 19
754 3222 926 3291 exploretur:
950 3223 1093 3291 exploren-

77 3296 126 3349 tur
145 3295 323 3365 (ccrr.p)1’;
342 3293 534 3364 exploraretur
552 3302 573 3346 s
644 3294 808 3364 abruptum:
828 3293 976 3348 arbitrium
994 3304 1023 3360 J,
1043 3293 1094 3348 ab·

77 3368 175 3420 rutfir
230 3371 263 3420 21
283 3364 339 3432 alio
359 3366 746 3436 (punctrcaiafrooer.)123
766 3365 822 3419 alio
841 3375 871 3432 v,
891 3365 942 3419 alii
959 3366 1059 3434 reliqui

77 3437 163 3505 quid:
184 3437 233 3506 qui
252 3459 270 3490 α
355 3437 448 3508 ignes:
467 3437 564 3507 igneos
583 3446 611 3490 Β
695 3443 728 3490 22
747 3436 843 3508 perdit
861 3436 1050 3510 <pernicitas
1068 3453 1109 3490 en

77 3507 227 3573 homines
299 3513 333 3562 26
351 3508 483 3562 iaciatV
