2408 3840
476 111 690 166 PRAEFATIO.
1005 112 1095 166 XXIII

73 281 238 356 excipiunt:
266 244 408 340 njvrn.
431 282 481 339 rx.
505 281 541 338 x.
564 281 615 340 nr.
638 280 661 340 1.
685 281 780 340 xvir.
801 281 880 340 xro.
903 282 967 340 xv.
987 282 1022 341 v.
1041 282 1094 340 vr.

74 370 126 428 iv,
140 370 196 429 111.
211 369 278 428 ru.
294 371 361 429 ΧΠ.
380 371 462 429 xnr.
481 370 560 429 xri.
575 371 670 429 xvir.
689 371 799 429 xviri.
819 371 896 429 xix.
915 372 939 429 1.
981 375 1095 447 quanta

75 462 175 518 autem
199 459 334 519 socordia
353 461 469 518 librarii
491 480 555 518 rem
576 460 699 537 egerint,
723 460 835 535 optime
854 479 888 519 eo
907 460 1095 538 intellegitur

74 548 154 624 quod
182 550 216 607 in
238 549 325 607 XVII
348 551 379 607 et
401 549 417 607 I
439 549 611 624 saepissime
640 551 739 608 textus
770 549 847 608 alter
877 550 1027 625 discrepat
1057 550 1093 608 ab

72 639 179 698 altero.
222 638 252 695 in
275 639 387 715 pagina
405 639 513 696 ultima
536 656 641 696 manus
662 638 774 698 saeculi
792 638 846 696 XV
871 639 999 697 addidiI:
1023 640 1095 697 libor

71 729 319 786 declamationum
341 727 370 788 S.
389 729 520 787 Mortiui
543 746 603 786 oux
625 728 759 786 Iomtoul
781 773 786 785 .

142 816 304 891 Exemplar
326 815 405 875 unde
433 815 491 875 duo
518 817 565 875 illi
587 816 658 874 libri
687 816 828 893 descripti
851 819 933 892 sunt,
960 817 1096 876 manavit

72 926 109 965 ex
124 905 190 981 ipso
206 906 377 981 exemplari,
391 905 469 964 unde
483 905 712 984 Bambergensis
726 906 892 980 descriptus
912 907 965 964 est.
1004 925 1095 981 quam

74 994 112 1054 ob
136 1014 199 1053 ram
222 994 302 1053 haud
325 994 473 1054 mediocre
496 996 680 1053 lucraremur
709 995 853 1054 auxilium
877 993 915 1053 ad
937 994 1095 1054 restituen-

74 1085 146 1142 dam
169 1083 421 1143 declamationum
439 1085 599 1160 prIstinam
622 1085 758 1158 formam,
781 1086 840 1143 nisi
862 1084 1005 1142 collatum
1028 1103 1095 1142 cum

73 1172 241 1248 exemplari
270 1173 404 1231 famiIiae
434 1196 452 1253 y
482 1174 592 1232 multas
625 1173 767 1232 lectiones
797 1174 865 1232 inde
897 1165 1093 1252 recepisset.¹)

74 1281 152 1338 quae
177 1281 244 1320 oum
266 1263 310 1321 ita
333 1261 406 1336 sint,
437 1281 473 1320 ea
496 1281 562 1337 spes
586 1281 639 1321 nos
662 1262 784 1336 fefellit,
808 1266 839 1321 et
863 1264 1027 1321 auctoritas
1050 1263 1095 1320 fa·

74 1351 177 1410 miliae
206 1351 223 1410 d
251 1353 293 1410 eis
322 1352 458 1411 terminIs
489 1351 687 1427 concluditur,
722 1354 757 1410 ut
787 1351 825 1409 ad
855 1352 1095 1428 investigandam

73 1443 223 1500 rationem
242 1444 439 1521 naturamque
463 1441 619 1517 archetypi
643 1441 776 1499 familiae
796 1464 815 1500 α
833 1459 894 1499 non
911 1441 1028 1499 inutilis
1047 1441 1094 1499 sit.

144 1529 399 1598 Quemadmodum
409 1532 508 1588 autem
518 1530 632 1589 codices
643 1530 697 1589 alii
707 1551 741 1587 ex
754 1531 821 1589 aliis
832 1529 1026 1606 dependeant,
1040 1530 1095 1588 hac

73 1620 244 1678 illustretur
266 1619 383 1678 tabula:

502 1699 671 1768 archetypus

152 3484 177 3550 1)
198 3481 233 3535 of.
254 3480 436 3548 Daseauer,
454 3499 482 3550 p.
499 3486 540 3535 37.
