2408 3840
138 149 202 213 122
462 148 637 204 CORPORIS
655 149 824 205 PROIEOTI

136 321 333 393 consecutum,
357 317 503 394 quomodo
526 320 622 396 legem
644 318 817 395 intellegere
840 319 1008 394 conveniat,
1032 318 1140 378 subter·

136 408 216 485 fugit
234 406 339 482 dicere,
361 426 456 483 neque
475 407 637 484 evestigio
658 408 761 483 scripti
783 406 902 482 recedit,
926 408 978 467 sed
999 407 1081 467 nuda
1102 427 1142 466 re·

136 496 278 556 citatione
301 499 441 555 contenta
464 499 517 557 est.
554 515 607 555 nos
626 515 720 572 neque
740 496 876 556 omnibus
898 496 1034 572 personis
1053 515 1142 574 neque

136 586 273 645 omnibus
299 586 393 644 caecis
421 585 564 661 scriptam
587 603 649 644 csse
672 585 782 662 legem,
810 587 840 644 ct
862 587 965 644 iuveni
992 586 1087 646 iustas
1114 603 1143 645 ac

135 676 315 734 necessarias
338 673 493 733 recedendi
516 692 620 734 causas
643 676 686 749 ct,
710 673 759 733 cui
784 673 829 733 rei
856 693 972 751 semper
998 676 1046 734 ius
1075 674 1174 735 satist

135 765 256 840 plenum
280 766 332 837 cst,
355 763 466 822 bonum
489 763 622 822 animum
639 763 742 837 fuisse,
764 765 913 838 postremo
933 783 993 824 non
1011 765 1069 823 hoc
1086 781 1144 824 esse

135 853 268 913 deserere
289 852 502 926 contendimus,
525 855 616 928 atque
635 871 669 912 eo
688 870 808 911 causam
825 851 1014 929 dimittimus,
1035 856 1146 912 utnon

135 945 175 1002 sit
207 941 403 1002 absolvendus
436 941 621 1015 adulescens,
653 941 712 1000 nisi
744 941 835 999 etiam
865 942 1043 1002 laudandus.
1098 941 1146 1018 qui

134 1035 235 1090 autem
259 1030 389 1104 dubitat,
417 1049 456 1088 an
479 1031 582 1106 scripti
605 1029 793 1089 voluntatem
815 1030 900 1107 sequi
922 1031 1096 1106 conveniat,
1122 1031 1146 1089 is

134 1120 208 1178 mihi
229 1120 347 1180 videtur
371 1120 575 1196 quaestionem
597 1121 744 1196 temptare
766 1120 895 1178 incertus
920 1119 1038 1195 quade
1062 1139 1104 1178 re.
1158 1138 1181 1180 u

201 1209 272 1268 Ideo
295 1208 436 1285 pauciora
458 1208 585 1267 adiciam
607 1208 687 1284 quod
709 1207 795 1268 nobis
817 1227 944 1284 quoque,
967 1208 994 1268 si
1012 1209 1058 1267 ita
1081 1227 1146 1285 per·

135 1299 220 1375 gitis,
248 1297 362 1356 adferet
385 1298 536 1373 quandam
559 1298 782 1357 cavillationem
804 1296 862 1356 ista
885 1298 1029 1356 sermonis
1054 1297 1147 1357 ambi·

135 1387 242 1464 grutae,
266 1405 300 1445 ao
319 1386 413 1446 videri
435 1387 567 1462 potuerit
586 1405 703 1446 omnem
721 1387 868 1446 actionem
889 1386 986 1461 partia
1005 1386 1146 1446 advorsae

134 1478 232 1552 prima
255 1474 358 1534 statim
380 1475 555 1535 recitatione
581 1475 759 1535 subvertere.
805 1493 876 1533 nam
897 1475 946 1534 lex
968 1494 1038 1535 cum
1061 1475 1146 1535 dicit:

135 1566 195 1641 qui
226 1566 396 1640 parentes
428 1565 465 1622 in
497 1565 707 1623 calamitate
739 1563 953 1639 deseruerit,
985 1582 1182 1641 rursusquere

134 1673 202 1712 cum
225 1653 309 1712 dicit:
335 1653 543 1729 insepultus
567 1653 762 1727 abiciatur,
789 1671 849 1712 non
872 1654 976 1728 utique
999 1652 1031 1711 id
1055 1655 1146 1731 signi-

132 1742 217 1816 ficat,
240 1744 274 1800 ut
297 1761 356 1801 non
378 1741 469 1801 liccat
492 1762 559 1801 eum
582 1742 713 1817 sepeliri,
736 1743 895 1818 postquam
915 1743 1071 1817 proiectus
1094 1745 1146 1803 est.

132 1851 225 1906 quare
258 1833 311 1889 aut
341 1831 415 1889 mihi
448 1849 564 1907 quoque
595 1829 760 1907 permittite
791 1831 833 1890 sic
866 1848 965 1909 agere,
997 1830 1147 1907 quomodo

134 1921 211 1994 volo,
235 1921 296 1994 aut,
320 1920 398 1994 quod
420 1919 517 1998 magis
536 1923 665 1980 vestram
682 1919 857 1996 religionem
875 1919 968 1995 decet,
990 1919 1149 1999 indignam

134 2008 327 2067 sanctissimis
351 2009 471 2069 auribus
490 2009 647 2069 verborum
669 2009 837 2083 captionem
855 2026 890 2067 ex
907 2011 1036 2085 utraque
1060 2012 1147 2086 parte
1159 2029 1184 2070 re

134 2097 295 2173 praecidite
323 2099 366 2172 et,
398 2116 466 2156 cum
497 2098 593 2156 filium
620 2097 779 2176 singularis
812 2097 939 2173 exempli
971 2097 1147 2174 probavero,

133 2188 253 2246 fortiter
276 2186 396 2261 sentite,
424 2187 538 2245 nullam
561 2206 693 2265 unquam
716 2205 734 2244 a
756 2186 919 2245 maioribus
941 2187 1055 2246 nostris
1078 2207 1148 2264 poe-

133 2296 204 2334 nam
227 2277 368 2351 scriptam
391 2293 453 2334 esse
476 2276 591 2350 pietati.

82 2363 120 2418 1a
199 2364 300 2440 Atque
323 2366 355 2422 in
378 2383 413 2423 eo
437 2364 517 2439 quod
538 2365 669 2440 primum
690 2382 902 2439 proposueram
924 2382 985 2422 non
1008 2363 1049 2422 ad
1072 2365 1147 2425 hanc

133 2473 196 2512 rem
218 2455 367 2530 pertinere
389 2454 494 2530 legem,
517 2472 577 2512 non
599 2453 651 2511 diu
673 2453 821 2528 versabor,
844 2472 939 2529 neque
957 2452 1146 2514 dubitatione
1159 2473 1182 2514 a

135 2561 225 2617 quam
247 2541 431 2617 nonhabet,
460 2541 591 2600 adferam
615 2561 738 2601 moram.
784 2561 879 2617 neque
903 2542 983 2600 enim
1004 2545 1097 2619 puto,
1122 2543 1147 2602 ai

135 2634 217 2690 aetas
244 2631 376 2707 inpediet
404 2631 564 2706 infantem,
591 2631 733 2690 valetudo
761 2649 898 2708 aegrum,
928 2649 976 2690 res
1003 2631 1147 2708 legatum,

134 2719 194 2778 dux
215 2720 350 2794 militem,
373 2719 565 2780 nihilominus
589 2719 732 2780 obstricta
754 2719 914 2779 crudelitas
937 2737 998 2779 non
1020 2723 1148 2798 accipiet

207 2889 408 2954 roonvenias
467 2890 580 2944 2nulla
601 2899 623 2942 V
678 2889 865 2959 8quis1Wo
919 2888 1147 2958 qui—incertus

134 2961 203 3016 ΗΟ
221 2970 324 3028 omn,
343 2960 453 3015 addin
470 2979 604 3032 marum
684 2966 756 3015 tan
774 2969 892 3016 coam
969 2965 1003 3014 10
1021 2961 1146 3016 videtur:

133 3032 261 3097 videret
326 3038 357 3086 12
378 3031 500 3085 adferret
514 3044 535 3085 c
595 3032 737 3100 quandam
755 3049 789 3087 ea
806 3031 948 3100 quendam
965 3041 993 3085 B
1048 3039 1084 3087 13
1103 3049 1147 3089 ac:

133 3103 206 3157 hanc
224 3113 262 3170 113
288 3121 338 3157 om.
354 3112 392 3170 Μ,
410 3120 485 3172 supr.
499 3125 531 3156 m
602 3103 707 3172 poterit
729 3115 766 3168 co
834 3119 899 3173 pars
923 3103 1042 3158 adversa
1060 3114 1083 3157 V

135 3180 168 3228 14
186 3174 385 3229 retractatione
398 3183 457 3227 ΒΜ
473 3173 528 3242 (vel
546 3173 712 3228 recitatione
730 3176 771 3244 ιη)
837 3180 869 3228 15
889 3174 939 3243 qui
950 3206 982 3214 -
993 3174 1067 3230 dicit
1084 3177 1101 3231 1.
1112 3179 1148 3231 16

131 3255 225 3300 ouav
302 3251 334 3299 1⁷
354 3262 418 3300 eum
436 3257 523 3300 oruc
603 3251 635 3299 18
655 3247 750 3299 autem
768 3254 820 3298 BV
896 3245 1067 3314 permittite:
1086 3263 1186 3318 per·¹

132 3317 224 3370 mittit
242 3319 270 3371 et
288 3326 340 3370 BV
426 3321 458 3370 19
479 3316 625 3385 indignam
643 3332 692 3370 orn.
712 3326 734 3369 V
819 3321 851 3370 21
896 3317 1039 3372 raecedite
1058 3330 1081 3371 6

133 3388 185 3441 filii
200 3398 232 3442 Μ
283 3387 412 3458 exempla
430 3387 485 3457 (vel
503 3387 592 3441 filium
606 3386 756 3456 singularis
775 3334 897 3457 exempli
914 3388 947 3442 in
959 3405 1047 3460 marc.
1061 3392 1105 3460 ue)
1119 3397 1151 3443 Ι

133 3464 169 3512 24
187 3462 251 3524 etc
332 3464 365 3512 25
386 3458 592 3514 dubitationem
610 3467 662 3511 BV
744 3463 777 3512 26
795 3459 904 3513 habent
920 3467 1016 3528 tvm
1034 3459 1147 3516 habetis

126 3531 207 3585 Beer,
284 3535 318 3586 2⁷
336 3529 510 3602 impediatc
581 3529 708 3584 valitudo
727 3539 759 3583 ιι
