2408 3840
403 147 637 203 DECLAMATIO
656 148 708 202 ΧΠ
723 154 836 205 13-15.
1063 149 1127 214 231

109 319 264 392 raserunt,
288 337 348 376 non
366 335 435 377 aves
454 316 628 395 attigerunt,
652 320 801 377 ettamen
820 317 966 377 cadavera
983 317 1128 377 mortibus

110 407 308 466 adnumerare
332 425 391 466 non
413 425 577 482 possumus.
624 409 700 466 citra
723 426 805 482 spem
830 407 1055 466 convalescendi
1077 407 1128 465 ad-

108 495 187 555 flicti
215 513 330 571 sumus,
357 498 448 554 immo
476 494 568 554 etiam
596 496 672 555 citra
698 498 811 556 votum.
856 497 977 574 gravior
1003 499 1036 554 in
1066 494 1128 555 dies

108 585 187 642 faeti
208 584 394 659 paenitentia
417 588 470 659 est,
493 585 586 660 pudet
606 586 697 659 vitae,
720 586 817 644 lucem
841 603 875 644 ae
898 585 996 644 sidera
1017 587 1129 644 intueri

82 692 171 734 snon
197 674 304 748 audeo,
332 673 441 733 cotidie
467 674 567 733 felices
595 676 728 734 mortuos
757 672 853 733 clamo
881 677 911 733 et
938 675 1035 733 malae
1061 692 1128 733 cou-

109 763 256 822 scientiae
278 762 392 823 facibus
411 765 543 840 agitatus
562 763 638 821 nihil
661 764 842 822 fortunatius
864 764 897 821 in
920 767 1042 822 aeterna
1060 762 1128 822 sede

108 854 274 927 utcumque
289 852 459 928 compositis
473 854 560 928 puto3
575 852 647 911 adeo
657 871 737 911 mors
750 852 858 928 placet.
881 850 943 910 iam
953 851 1044 911 etiam
1054 852 1127 911 cibis

108 942 222 1000 nostris
244 941 372 1019 invideo,
394 933 557 1016 praeterita
575 941 689 1015 differo,
710 943 776 1017 ipsa
795 961 830 1000 ex
848 941 942 999 nimia
963 940 1128 1017 cupiditate

109 1031 199 1089 nocet
216 1030 430 1104 habundantia,
449 1029 631 1089 desideratos
651 1030 702 1088 diu
721 1030 800 1090 cibos
820 1029 906 1089 avide
925 1029 1078 1088 haurimus
1097 1032 1127 1089 et

69 1139 95 1180 rc
108 1119 222 1178 lassam
233 1119 344 1178 famem
353 1121 512 1179 saturitate
522 1120 751 1197 strangulamus.
774 1120 918 1178 morimur
928 1119 1026 1178 adhuc
1036 1120 1127 1178 etiam

108 1209 261 1266 frumento
283 1211 344 1267 tuo.
382 1210 468 1284 atqui
490 1210 605 1267 ceterae
626 1207 808 1284 reipublicae
832 1211 933 1284 partes
957 1227 1033 1284 quae
1056 1211 1126 1267 sunt
1141 1208 1179 1266 15

108 1296 148 1356 ad
172 1315 259 1355 nsum
282 1298 386 1372 populi
410 1299 613 1373 comparatae,
637 1300 667 1356 et
693 1298 804 1356 leviore
824 1315 890 1356 oum
914 1297 1016 1356 damni
1038 1315 1126 1357 sensu

107 1388 236 1462 pereunt
259 1388 289 1445 et
311 1386 398 1445 facile
421 1387 584 1445 remedium
606 1387 766 1461 accipiunt,
790 1404 857 1445 cum
874 1389 1009 1462 reparari
1031 1387 1126 1462 possit

108 1477 262 1534 amissum.
300 1493 390 1550 opera
410 1476 576 1550 restituam,
599 1477 748 1534 aerarium
765 1474 895 1550 replebo,
918 1494 1018 1550 nares,
1042 1494 1125 1534 arma

67 1582 93 1624 rs
106 1563 253 1623 reficiam:
281 1563 330 1624 hic
357 1565 464 1624 vulnus
492 1565 637 1623 altissime
666 1567 818 1640 penetrat,
849 1565 898 1624 hic
925 1567 992 1640 ipsa
1019 1565 1126 1624 vitalia

106 1654 267 1727 feriuntur,
290 1653 343 1711 ubi
365 1654 492 1729 populus
515 1655 587 1727 ruit,
610 1653 662 1711 ubi
685 1655 833 1713 continuis
857 1654 1009 1713 funeribus
1029 1655 1124 1713 omnis

106 1760 195 1803 sexus
224 1743 314 1817 atque
342 1744 425 1801 aetas
457 1743 548 1802 semel
575 1743 725 1802 sternitur.
773 1743 916 1802 exhausta
944 1745 988 1803 est
1018 1743 1124 1802 civitas

105 1835 139 1891 et
161 1831 313 1890 desolatae
336 1831 454 1906 domus,
480 1832 568 1890 triste
590 1830 722 1891 florentis
746 1831 896 1907 quondam
918 1833 1056 1892 fortunae
1078 1834 1123 1890 in-

105 1919 229 1994 dicium,
246 1920 308 1978 laxi
326 1921 412 1979 muri.
444 1939 535 1997 quam
553 1921 642 1979 multi
659 1923 692 1978 in
711 1920 832 1980 civitate
849 1923 953 1981 nostra
970 1923 1123 1998 perierint,

62 2030 91 2071 se
106 2007 274 2086 quaeritis?
318 2010 441 2068 minima
465 2010 584 2085 quidem
611 2011 710 2086 portio
735 2012 792 2084 est,
820 2010 987 2069 sedetiam
1011 2030 1045 2069 ex
1067 2012 1123 2070 hoc

104 2098 244 2176 intellegi
265 2101 373 2174 potest,
396 2100 537 2159 esurienti
559 2099 671 2174 populo
694 2100 767 2158 satis
790 2099 919 2157 fuerunt.

174 2186 341 2246 Plurimum
358 2190 457 2246 tamen
476 2189 602 2246 interest
615 2187 763 2263 quomodo
777 2187 927 2263 perierint,
941 2187 1013 2246 felix
1031 2187 1121 2262 posti-

104 2276 214 2350 lentie,
242 2277 314 2336 felix
340 2277 523 2352 proeliorum
550 2279 678 2354 strages,
706 2277 833 2352 denique
857 2277 952 2335 omnis
975 2294 1055 2335 mors
1077 2276 1121 2335 fa-

104 2365 187 2425 cilis:
208 2365 302 2424 fames
324 2384 429 2441 aspere
447 2366 552 2425 vitalia
573 2366 685 2440 haurit,
708 2365 882 2440 praecordia
901 2366 1006 2441 carpit,
1030 2367 1122 2424 animi

60 2473 90 2516 ss
103 2457 301 2528 tormentum,
330 2456 460 2530 corporis
487 2455 585 2529 tabes,
612 2456 757 2533 magistra
779 2454 934 2529 peccandi,
963 2453 1122 2514 durissima

104 2545 343 2617 necessitatium,
376 2544 593 2603 deformissime
629 2544 783 2602 malorum.
829 2544 902 2602 haec
935 2543 972 2601 ad
1008 2543 1121 2602 humile

105 2650 181 2708 opus
195 2631 308 2692 nobiles
321 2651 427 2692 manus
441 2634 546 2707 mittit,
564 2633 637 2692 haec
653 2633 758 2692 alienis
775 2631 901 2708 pedibus
919 2631 1120 2692 mendicantes

103 2723 277 2798 prosternit,
299 2723 372 2782 haec
395 2740 483 2797 saepe
506 2722 653 2781 sociorum
675 2721 763 2780 fidem
787 2722 887 2798 fregit,
911 2722 984 2781 haec
1007 2740 1121 2781 venena

103 2811 225 2887 populis
241 2810 360 2886 publice
379 2810 470 2886 dedit,
482 2813 555 2870 haee
573 2812 605 2869 in
622 2810 816 2887 parricidium
833 2811 899 2886 pios
919 2810 987 2889 egit.
1026 2809 1121 2870 adhuc

178 3075 192 3122 1
212 3071 353 3124 ettamen
372 3087 422 3125 cm.
438 3079 475 3136 Μ,
494 3086 569 3138 supr.
583 3089 615 3121 m
677 3068 762 3123 morti
783 3068 845 3136 Gr.;
864 3068 981 3123 mortuis
1001 3069 1119 3124 Alceelc·

102 3142 214 3197 eremius
294 3140 572 3211 hadnumeralgrare
591 3141 701 3210 (incipit
717 3141 823 3209 fctf5)
837 3149 865 3193 B
950 3140 1084 3208 'lpositis
1103 3150 1124 3192 V

104 3217 120 3265 9
140 3211 318 3266 abundantia
336 3222 387 3265 Md
474 3212 523 3266 diu
541 3229 592 3267 oce.
605 3221 638 3264 M
721 3216 754 3264 10
773 3210 982 3280 transgulumus
1001 3220 1052 3263 VM

104 3289 136 3338 11
162 3297 248 3352 quae:
268 3285 288 3353 (ῑ
305 3293 326 3336 V
413 3289 445 3338 12
469 3282 556 3337 levior
575 3281 659 3336 edum
677 3282 775 3336 damni
792 3291 831 3348 B;
852 3281 955 3335 leviore
975 3281 1071 3335 damni
1090 3291 1123 3334 Μ

103 3355 144 3426 (in
163 3352 227 3408 eliis
250 3354 288 3409 h?
301 3354 405 3410 leviore
428 3360 448 3409 ὅ
467 3354 559 3424 dapne
577 3375 609 3407 m
632 3355 664 3408 ia
682 3357 778 3424 merp.)
819 3352 823 3359 '
870 3359 902 3406 13
925 3355 1061 3422 pereunte
1079 3362 1118 3420 153

101 3428 253 3496 pereuntes
271 3437 304 3480 d!
374 3432 407 3481 15
425 3425 560 3480 refaciam
577 3435 605 3479 B
677 3430 709 3478 19
728 3424 1050 3496 perieri3ntl'3-unt1

102 3538 138 3587 20
157 3535 212 3587 est:
233 3535 395 3603 superest«
462 3538 495 3587 26
513 3531 715 3588 necessitatum
732 3541 772 3588 vo
842 3536 880 3588 ‘tt
897 3514 975 3603 llus
989 3541 1010 3584 v
