2408 3840
112 138 203 194 XXIV
314 153 317 162 ’
514 137 728 191 PRAEFATIO.

180 308 224 368 De
248 328 337 387 grege
361 303 495 366 codicum
517 307 767 382 interpolatorum
793 324 917 381 qnorum
941 304 1066 381 plurimi
1089 305 1133 364 eis

112 396 294 473 temporibus
318 396 462 455 debentur
490 396 597 471 quibus
620 396 731 454 litteris
754 394 866 454 renatis
889 395 1021 454 omnium
1044 393 1136 452 ardor

31 531 33 534 <
112 490 202 563 atque
213 486 329 546 animus
340 485 377 544 ad
388 485 486 544 studia
495 486 671 544 humaniora
681 484 919 559 convertebatur,
930 484 966 543 cf.
976 484 1135 558 Dessauer,

112 596 140 652 r·
161 567 298 652 42see-¹

178 567 345 740 Archetpipi
367 663 618 722 declamationum
641 663 739 738 qualis
762 664 854 721 fixerit
876 662 1006 736 indoles,
1028 662 1134 737 paucis

112 758 231 813 tantum
253 755 309 812 hoc
332 754 396 812 loco
421 753 597 811 adumbrare
620 753 653 809 in
676 753 775 810 animo
800 754 853 827 est,
878 771 916 810 ne
939 750 1011 810 fines
1035 753 1133 810 trans-

112 842 231 920 grediar
245 844 297 918 qui
314 843 402 900 huius
418 842 556 901 editionis
571 842 752 918 praefationi
770 842 905 917 impositi
923 845 1001 899 sunt.
1040 842 1132 915 atque

111 933 241 1007 primum
263 933 349 1008 patet
372 931 514 989 damnum
537 930 734 1007 syllabarum,
757 949 879 1003 vocum,
907 931 1132 988 enuntiatorum

112 1040 188 1096 quae
217 1022 250 1079 in
279 1044 298 1079 α
331 1023 361 1079 et
390 1019 410 1098 β
439 1019 657 1093 desiderantur,
686 1021 847 1079 maximam
877 1022 994 1095 partem
1023 1036 1082 1076 non
1114 1036 1133 1075 a

111 1110 301 1169 librariorum
325 1110 376 1186 qui
399 1108 513 1168 codices
536 1111 669 1168 servatos
697 1108 888 1183 scripserunt,
910 1107 1046 1167 socordia
1069 1125 1133 1166 esse

113 1199 320 1274 repetendum,
349 1198 399 1258 sed
422 1198 608 1257 referendum
632 1197 670 1256 ad
696 1189 927 1278 archetypum.²)
970 1198 1032 1255 alia
1056 1215 1134 1271 quae

113 1291 224 1348 omissa
248 1290 341 1362 crant,
364 1289 396 1345 in
419 1288 581 1363 archetypo
601 1287 663 1346 sire
687 1289 740 1362 qni
765 1307 833 1345 eum
852 1289 1048 1345 exaraverunt
1071 1287 1135 1344 sive

114 1377 166 1453 qui
189 1381 392 1450 correxerunt,
418 1376 596 1435 addiderunt
620 1378 726 1435 autin
753 1376 888 1454 margine
913 1375 1019 1434 autin
1041 1374 1133 1433 inter-

111 1466 199 1525 vallis
224 1486 299 1542 quae
323 1467 403 1525 intra
421 1484 523 1525 versus
543 1466 676 1543 singulos
700 1469 793 1524 erant.
826 1465 905 1523 unde
927 1464 1016 1523 facile
1039 1464 1133 1539 expli-

112 1557 206 1614 catur>
230 1555 309 1631 quod
337 1557 402 1613 tam
434 1555 605 1631 frequenter
635 1554 791 1613 collocatio
821 1553 978 1613 verborum
1009 1553 1134 1612 alterius

111 1645 245 1704 familiae
280 1644 373 1702 distat
400 1643 437 1702 ab
468 1644 604 1718 alterius,
636 1662 707 1701 nam
735 1643 815 1701 haud
850 1662 917 1701 raro
947 1661 1006 1701 non
1034 1643 1134 1717 primo

112 1734 219 1792 obtutu
237 1734 429 1792 manifestum
447 1735 512 1792 erat
527 1752 585 1809 quo
603 1733 668 1791 loco
683 1731 887 1791 additamenta
905 1732 958 1790 illa
976 1730 1135 1790 inserenda

112 1824 217 1882 essent.
255 1841 314 1898 qua
336 1824 368 1880 in
391 1842 423 1879 re
448 1821 604 1880 librarium
633 1822 788 1898 archetypi
814 1821 947 1879 familiae
971 1844 990 1879 α
1014 1822 1133 1896 saepius

117 1931 217 1970 verum
240 1911 349 1970 vidisse
374 1931 463 1987 quam
486 1912 572 1970 illum
596 1913 644 1969 cui
666 1910 686 1989 β
709 1910 845 1983 debetur,
870 1912 931 1968 iam
955 1927 1047 1985 supra
1070 1929 1133 1967 mo-

111 2003 257 2060 nuimus
281 2019 370 2076 porro
398 2000 490 2059 rerba
521 2019 596 2075 quae
620 1999 787 2075 explicandi
801 2000 914 2077 gratia
941 2001 973 2056 in
997 2000 1133 2076 margine

114 2091 251 2166 apposita
280 2092 377 2164 erant,
409 2108 564 2166 perperam
593 2089 622 2146 in
655 2091 771 2147 textum
797 2079 1018 2166 irrepserunt)
1066 2090 1133 2146 tum

114 2178 306 2256 archetypum
327 2179 475 2255 scriptura
497 2179 638 2238 continua
657 2179 750 2236 fuisse
769 2181 923 2236 exaratum
942 2196 1018 2252 quae
1036 2196 1133 2252 neque

112 2269 263 2346 elegantia
284 2288 380 2344 neque
403 2267 615 2344 perspicuitate
639 2267 774 2340 eminuit,
798 2266 932 2326 codicum
956 2266 1134 2342 corruptelis

112 2359 298 2432 maximeque
321 2357 549 2435 Bambergensis
573 2357 727 2416 evincitur.
770 2374 805 2414 ac
827 2376 864 2414 ne
888 2356 1043 2414 enuntiata
1068 2357 1133 2430 qui·

113 2446 179 2505 dem
203 2449 340 2506 accurate
363 2446 567 2524 distinguendi
593 2447 673 2505 notis
701 2444 798 2504 divisa
821 2447 915 2503 erant.
957 2444 1135 2518 compendia

113 2555 230 2611 quoque
254 2554 341 2611 saepe
366 2555 468 2594 ansam
488 2535 633 2594 dederunt
656 2554 803 2607 errorum,
833 2553 904 2610 eg.
928 2534 1042 2592 formae
1064 2552 1132 2608 pro-

112 2627 240 2685 nominis
264 2625 384 2683 relativi
411 2628 501 2700 utque
528 2625 753 2683 terminationes
782 2626 812 2681 et
839 2625 992 2681 nominum
1016 2624 1046 2680 et
1068 2641 1133 2681 ver-

112 2713 218 2773 borum
240 2715 319 2772 inter
342 2733 373 2772 se
397 2716 583 2789 permutatae
607 2715 684 2773 sunt.
731 2712 912 2770 accedebant
938 2711 996 2770 loci
1025 2711 1132 2787 quibus

185 2867 211 2934 1)
229 2883 317 2918 unum
336 2882 370 2918 ex
389 2865 429 2918 eis
448 2864 528 2918 libris
551 2863 605 2917 hoc
624 2881 735 2933 quoque
758 2863 820 2917 loco
839 2879 896 2916 non
914 2863 999 2932 plane
1019 2861 1134 2917 silentio

114 2937 284 3005 opprimam,
314 2935 475 2990 Saldensem
500 2943 533 2990 ‘22
562 2952 634 2989 saec.
658 2935 709 2988 XV
736 2935 993 3001 membranaceum,
1022 2935 1072 3002 qui
1099 2952 1134 2987 ex

114 3008 269 3076 exemplari
297 3008 441 3062 Laurentii
469 3007 569 3061 Vallac
598 3007 735 3076 originem
763 3006 852 3062 trahit
881 3006 924 3075 (cf.
949 3005 1134 3072 Dessaner,

113 3097 140 3147 p.
157 3081 208 3147 55).
239 3078 339 3134 Vallac
359 3079 434 3133 enim
452 3079 577 3133 recensio
597 3078 728 3147 quicum
747 3079 868 3132 maxime
888 3077 1064 3142 Quintiliano
1084 3077 1133 3131 de-

112 3149 276 3215 lectaretur,
303 3150 422 3203 multum
446 3150 533 3204 studii
556 3151 641 3218 atque
664 3149 769 3203 laboris
790 3149 820 3202 in
839 3149 1021 3203 emendandis
1047 3152 1134 3216 atque

113 3220 332 3289 interpretandis
348 3221 601 3275 declamationibus
616 3221 719 3289 posuit,
734 3220 918 3274 fundamento
931 3223 991 3274 erat
1001 3220 1134 3274 editioni-

112 3292 165 3375 bus
180 3292 255 3415 tppis
270 3293 444 3362 pervulgatis
458 3292 594 3361 usquead
607 3291 780 3346 Obrechtiet
793 3292 957 3358 Burmanni,
971 3310 1027 3345 non
1042 3291 1134 3346 solum

112 3379 199 3432 priori
219 3381 261 3417 us.

185 3437 211 3502 2)
230 3434 265 3488 cf.
284 3433 466 3503 Dessauer,
485 3454 512 3503 p.
528 3440 570 3488 86.

183 3509 210 3573 3>
230 3505 264 3559 ef.
283 3505 465 3574 Dessauer,
484 3525 512 3576 p.
528 3512 570 3560 83.
