2408 3840
396 130 629 188 nnanMArlo
647 131 813 186 1v15-1r.
1068 133 1111 197 83

104 321 231 377 quorum
248 299 358 360 scelere
375 301 504 360 violatus
523 300 585 360 dies
603 300 746 359 mundum
765 300 863 359 subito
881 303 1020 377 mutavit,
1040 320 1112 377 quos

104 385 197 470 <per>
214 389 312 449 maria
334 391 488 464 terrasque
511 390 658 467 fugientes
681 390 803 448 furiales
826 390 905 448 faces
925 393 956 448 et
973 390 1114 451 ultricum

106 479 227 539 dearum
249 481 344 538 terror
366 478 503 556 agitavit.

167 568 296 628 Necesse
315 568 359 626 est
377 570 406 626 et
424 569 551 626 maiores
569 570 656 626 notas
674 569 800 626 ventura
817 569 1014 643 praemittant
1037 586 1113 643 quae

79 675 163 718 anon
174 659 288 716 temere
301 660 471 715 nascuntur.
499 657 542 716 sic
559 657 676 715 iirturas
690 658 881 731 tempestates
900 657 1000 734 pelagi
1014 657 1115 734 fragor

101 750 131 806 et
153 746 307 805 conscium
329 764 482 804 nemorum
504 765 638 823 murmur
665 746 815 819 enuntiat,
844 745 886 803 sic
914 745 1114 821 periturorum

100 836 166 894 fata
192 834 373 910 populorum
405 833 541 893 ardentes
570 835 650 893 caelo
679 833 758 893 faces
787 837 817 893 et
844 833 952 893 crinita
983 833 1114 892 siderum

100 923 224 982 flamma
244 923 417 999 praecurrit.

168 1011 364 1070 Praedicebar
390 1011 482 1086 bello,
508 1011 696 1070 monstrabar
724 1013 827 1085 armis,
855 1011 963 1088 agebat
990 1014 1059 1070 ante
1082 1029 1112 1070 se
1127 1011 1163 1068 lt

63 1121 89 1162 1e
101 1103 231 1161 ventura
253 1100 356 1159 feritas
378 1099 514 1176 publicas
538 1100 736 1175 calamitates,
760 1103 790 1159 et
813 1101 945 1159 omnium
967 1101 1113 1159 malorum

102 1189 357 1251 consummatione
382 1189 532 1265 parricida
558 1189 697 1265 ponebar.
743 1190 776 1247 at
800 1191 825 1248 si
846 1209 925 1248 nunc
946 1191 1006 1249 ista
1027 1190 1114 1264 putet

102 1280 214 1354 aliquis
236 1278 369 1353 fortuito,
392 1296 452 1338 non
475 1280 538 1336 arte
562 1278 673 1352 sentiri,
696 1279 792 1353 possit
813 1279 939 1337 fortasse
959 1297 1029 1337 casu
1048 1297 1113 1337 eve·

101 1370 167 1427 nire
191 1367 272 1443 quod
293 1367 427 1426 futurum
455 1366 507 1441 sit,
534 1387 594 1426 non
620 1369 720 1443 potest
743 1386 812 1426 casu
839 1366 903 1425 fieri
926 1367 1005 1441 quod
1027 1385 1112 1442 prae-

101 1457 218 1516 dictum
244 1458 297 1514 est.
343 1459 373 1515 et
401 1455 519 1531 quando
546 1475 692 1531 unquam,
719 1460 814 1531 pater,
846 1456 988 1531 explicuit
1006 1457 1112 1515 ‘mani-

62 1566 87 1607 11
101 1547 209 1604 festius
237 1545 326 1603 ullius
353 1545 410 1604 fati
432 1545 638 1604 necessitatem
660 1547 741 1604 totus
765 1545 836 1604 ordo
858 1545 1012 1619 responsi?
1057 1545 1111 1620 vir,

100 1635 210 1710 inquit,
225 1636 373 1693 nascetur:
392 1634 498 1693 evenit.
531 1633 712 1708 educabitur,
726 1634 861 1709 quamvis
876 1629 1112 1710 (parricidium)

99 1722 289 1800 praedictum
307 1725 360 1782 sit:
378 1722 494 1782 accidit.
531 1723 684 1797 perveniet
703 1722 740 1780 ad
758 1722 897 1781 iuventae
915 1722 1018 1780 robur:
1042 1723 1111 1781 ado·

99 1812 170 1872 levi.
217 1811 329 1870 uiribus
353 1811 409 1870 en't
432 1812 620 1887 conspicuus:
644 1812 762 1870 eminui.
800 1812 927 1870 aderint
948 1811 1039 1870 bella:
1062 1831 1112 1870 ve-

100 1902 219 1960 nerunt.
260 1901 317 1959 ibit
338 1901 370 1957 in
394 1901 487 1959 aciem
509 1904 540 1959 te
562 1900 692 1959 volente:
715 1900 831 1959 misist'.
868 1900 987 1959 fortiter
1008 1901 1111 1959 faciet:

60 2009 88 2049 so
101 1991 167 2050 feci.
215 1988 272 2047 erit
293 1989 455 2065 parricida:
479 1989 505 2048 si
526 1990 635 2050 vixero.
778 2023 781 2027 ·

170 2077 211 2152 Si,
233 2080 327 2153 pater,
350 2080 451 2137 tamen
469 2081 598 2137 secretae
616 2077 839 2154 profundaeque
859 2081 931 2137 artis
950 2078 1028 2137 ratio
1046 2079 1112 2136 red-

101 2166 199 2226 denda
222 2169 276 2241 est,
301 2185 398 2226 nonne
419 2166 528 2226 habere
550 2167 607 2226 tibi
630 2166 741 2244 grande
764 2167 945 2226 consortium
966 2167 1115 2242 praedicti

100 2255 222 2314 videtur
240 2257 308 2330 ipsa
325 2253 503 2315 diversitas?
539 2256 637 2314 virum
655 2257 763 2314 fortem
781 2255 857 2313 dixit
876 2256 905 2314 et
922 2255 1110 2331 parricidam.

99 2344 202 2404 vicina
224 2346 293 2403 sunt
315 2344 396 2418 haec,
419 2345 510 2403 etiam
528 2347 563 2402 ut
580 2345 750 2419 dissimilia3
772 2346 859 2420 paria
876 2343 997 2418 viribus,
1021 2345 1112 2403 etiam

59 2452 86 2492 aa
100 2436 136 2492 ut
160 2435 257 2491 mente
276 2433 460 2491 dissentiant.
498 2433 569 2508 quid
588 2433 666 2492 enim
688 2452 735 2493 me
754 2433 836 2491 aliud
854 2433 1017 2492 notabilem
1040 2433 1111 2491 fecit

99 2524 131 2580 in
152 2520 230 2581 bello
249 2540 339 2602 quam
358 2521 436 2597 quod
454 2540 514 2580 non
532 2541 621 2597 parco
641 2522 788 2597 caedibus,
811 2540 913 2581 cruore
931 2540 991 2579 non
1010 2522 1110 2596 satior,

100 2610 238 2670 exultans
266 2629 354 2685 super
380 2613 542 2670 stratorum
564 2628 720 2686 corporum
743 2613 870 2688 strages,
892 2610 1111 2687 palpitantibus

100 2699 198 2759 adhuc
220 2699 412 2759 cadaveribus
436 2700 534 2758 alacer
555 2698 681 2759 insisto?
718 2700 839 2759 virtutis
862 2702 932 2760 sunt
953 2701 1021 2775 ista,
1045 2718 1111 2758 cum

173 2910 187 2958 1
212 2902 333 2957 violatus
351 2905 395 2958 est
413 2904 473 2959 dies
490 2905 589 2958 mundi
611 2919 625 2970 a
711 2911 725 2958 2
745 2922 796 2974 per
815 2918 844 2959 s:
864 2922 914 2960 orn.
929 2927 951 2958 ω
1027 2902 1111 2957 timor

99 2977 128 3030 et
145 2993 173 3029 u.
194 2974 220 3027 d.
239 2977 329 3029 terror
347 2976 434 3031 Klotz
487 2981 505 3029 4
528 2978 568 3032 ct:
586 2977 620 3030 ut
638 2985 670 3029 M
719 2977 905 3045 praemittant
922 2976 1027 3029 Lucas:
1047 2991 1110 3043 pro-

98 3046 218 3101 mittunt
236 3068 258 3099 ω
331 3051 345 3100 7
364 3045 452 3101 faces:
471 3045 545 3101 feces
563 3058 591 3101 ι’
606 3048 652 3102 aad
670 3046 698 3100 fe
716 3051 747 3102 ab
765 3065 819 3102 ras.
893 3053 908 3101 9
927 3045 1111 3116 praedicabor

99 3127 151 3170 BV
213 3122 244 3171 11
265 3118 474 3172 consumatione
495 3127 517 3170 V
575 3123 608 3172 14
626 3119 771 3186 ecquando
790 3129 838 3171 Mc
893 3124 926 3172 11
944 3117 1029 3171 ullius
1049 3126 1108 3170 Mc:

99 3188 176 3242 illius
191 3197 255 3252 Bra
308 3189 375 3242 ordo
390 3206 440 3244 cm.
455 3198 476 3241 V
525 3189 670 3260 responsi}
687 3198 726 3256 υς
744 3189 884 3258 responait
901 3199 930 3256 νς
950 3187 1110 3256 respondis

102 3301 134 3348 16
152 3294 336 3364 parricidium
354 3312 405 3350 cm.
419 3317 455 3363 ως
473 3295 570 3349 adds
655 3301 687 3350 11
706 3296 858 3350 iuventutis
875 3306 907 3349 M
989 3275 1115 3361 robdrr

102 3371 134 3419 18
152 3365 260 3420 eminni
277 3367 416 3435 Epffl:
440 3368 469 3420 et
487 3366 571 3421 armis
594 3383 628 3421 ea
651 3369 679 3420 et
696 3366 780 3420 nimis
798 3377 837 3432 113
861 3369 890 3421 et
910 3365 994 3419 nimis
1016 3374 1109 3433 mem

102 3439 131 3490 et
146 3437 267 3492 minist
325 3437 662 3504 20e10‚sivixeroBa.
732 3440 975 3492 21tamen2tam
992 3458 1040 3502 my

104 3512 135 3561 16
153 3509 184 3564 in
202 3507 278 3564 bello
296 3509 450 3563 notabilem
468 3508 570 3574 facita
640 3514 674 3564 27
691 3509 882 3584 palpantibus
901 3521 923 3567 J

932 3603 972 3661 5⁸
