2408 3840
145 134 208 198 104
469 132 592 189 AEGER
609 130 830 188 euuauPu'vs

142 303 222 362 levia
248 302 416 361 velamenta
442 300 659 362 transferrent?
702 303 771 378 quis
797 303 877 360 inter
906 302 1155 379 complorationes

143 394 331 468 gemitusque
349 409 477 467 somnus,
492 410 581 466 quem
593 394 643 450 vix
662 391 783 451 silentia
797 390 930 451 sollicita
945 391 1155 468 praestarent?

144 478 182 539 ad
205 497 281 555 quae
304 481 454 555 colloquia
474 480 601 540 tristitia
622 478 807 556 respiraret?
849 480 984 556 undique
1003 498 1095 557 pares
1116 484 1153 542 si·

142 569 286 644 milesque
308 570 419 642 miseri,
442 571 473 628 et
489 570 639 628 veteribus
662 570 789 646 captivis
813 569 947 628 adieetrrs
969 569 1081 630 ootidie
1102 588 1153 630 no·

142 676 196 716 rus
224 658 332 732 aliquis
359 657 526 733 impatiens.
573 677 727 734 compara,
753 657 779 717 si
805 658 938 734 videtur,
963 659 1034 718 huie
1062 676 1186 738 aegros

90 752 125 808 ll
142 748 347 822 captivitatem
369 750 488 805 tantum
510 750 602 806 tuam.
638 751 674 806 tu
697 747 830 824 quereris
848 747 928 823 quod
947 748 1030 807 eibos
1051 749 1153 824 pirata

141 854 201 894 non
218 838 358 911 praestet,
380 835 432 894 ille
448 837 579 895 remittit
595 835 719 896 oblatos.
755 839 786 895 te
804 834 887 896 nuda
903 838 1020 912 humus,
1037 837 1152 897 nudum

141 925 237 983 cubile
264 924 389 1004 frangit,
420 925 471 984 ille
499 925 537 984 ad
564 925 696 1002 singulos
728 925 861 985 ardentis
889 926 1021 1002 eorporis
1049 930 1149 986 motus

140 1015 261 1090 insuper
284 1032 374 1089 supra
396 1015 495 1073 vinela
517 1017 653 1073 versatur
680 1018 711 1073 et
733 1032 910 1090 quoeunque
936 1014 1073 1073 membra
1094 1015 1152 1075 las-

142 1106 207 1162 sata
229 1102 330 1162 dolore
352 1104 555 1179 transtulerit,
575 1103 608 1160 in
631 1104 811 1179 supplioium
832 1103 912 1162 redit
931 1107 1079 1163 renovata
1099 1118 1186 1181 pa-ro

140 1192 254 1250 tientia
299 1191 430 1250 breviter
452 1192 617 1252 saevissimi
643 1193 799 1270 languoris
820 1192 988 1253 definienda
1012 1210 1153 1252 mensura

142 1284 193 1338 est.
231 1298 290 1348 uon
312 1283 413 1357 potest
436 1300 470 1338 er
493 1281 546 1341 illo
569 1282 670 1340 sanari
692 1298 747 1340 nee
769 1299 858 1357 quem
874 1280 1034 1341 redemerit
1056 1285 1150 1358 pater.

207 1369 291 1428 Insta
314 1388 404 1444 nune,
432 1370 456 1429 si
475 1369 602 1444 videtur,
625 1388 660 1429 ae
685 1369 821 1445 subinde,
848 1370 977 1444 iuvenis,
999 1371 1153 1448 interroga

141 1477 193 1516 our
216 1476 339 1535 aegrum
364 1460 465 1533 potius
488 1458 634 1535 elegerim.
680 1458 765 1517 reddi
788 1477 807 1517 a
827 1478 875 1518 me
897 1476 983 1535 posse
1006 1459 1152 1521 rationem

142 1566 193 1605 eur
214 1548 270 1606 hoe
293 1548 425 1622 feeerim,
448 1546 559 1622 putas?
595 1565 650 1624 ego
672 1565 744 1607 vero
766 1566 827 1606 non
848 1565 973 1624 possem,
996 1567 1053 1608 neu
1075 1549 1103 1609 si
1122 1552 1186 1608 tere

141 1636 337 1694 redemissem.
383 1637 456 1711 quid
485 1638 564 1694 enim
593 1637 619 1695 si
648 1636 827 1712 respondere
857 1636 961 1695 iubeas
992 1638 1151 1697 orbitatem

141 1744 193 1783 eur
220 1725 251 1782 in
275 1726 413 1800 exequias
440 1727 520 1784 totos
544 1727 703 1802 exaggeret
731 1724 855 1785 census?
900 1724 972 1801 quid
998 1725 1056 1785 sibi
1078 1728 1153 1787 velit

140 1814 192 1873 ille
218 1815 390 1872 funebrium
420 1814 528 1891 longus
558 1814 629 1874 ordo
657 1811 857 1889 pomparum?
901 1832 954 1873 our
982 1831 1073 1890 super
1100 1816 1152 1875 lla·

141 1905 260 1980 grantes
289 1903 407 1962 iaceant
431 1900 542 1981 rogos?
586 1922 639 1963 eur
660 1903 778 1962 ardenti
803 1922 863 1962 non
886 1903 1070 1964 divellantur
1092 1924 1151 1965 am-

139 1988 252 2067 plexu?
289 1994 320 2050 et
342 2010 395 2070 ego
419 1992 494 2066 dieo,
516 1992 678 2068 proclamo,
699 1993 805 2066 fateor,
828 1992 934 2051 enoris
957 1996 1013 2052 aut
1034 1992 1187 2053 demea-ss

140 2080 201 2139 tiae
223 2081 307 2139 furor
325 2084 378 2157 est,
402 2100 469 2140 eum
490 2081 603 2140 feceris.
639 2082 696 2140 hoo
715 2084 761 2140 est
781 2099 860 2160 ergo,
881 2083 992 2157 iuquit,
1016 2083 1099 2158 quod
1116 2084 1151 2142 de

139 2172 170 2229 te
192 2169 353 2246 praecipue
377 2189 492 2245 queror,
514 2171 693 2228 moriturum
715 2170 789 2228 mihi
812 2169 990 2245 praetulisti.
1031 2190 1150 2248 quaeso,

140 2259 268 2333 iuvenis,
295 2279 331 2317 ne
354 2259 439 2317 nobis
462 2261 549 2335 putes
571 2261 690 2318 tantum
717 2257 815 2318 inesse
838 2259 981 2334 feritatis,
1008 2263 1045 2319 ut
1065 2261 1150 2320 illum

139 2349 323 2423 potuerimus
351 2349 507 2407 aestimare
534 2351 719 2407 moriturum.
765 2349 811 2406 vis
834 2366 894 2407 non
917 2366 1032 2424 sperem
1054 2352 1149 2410 vietu-

139 2457 206 2494 rum
223 2437 319 2495 filium
338 2455 425 2511 quem
447 2440 519 2495 tune
536 2437 666 2512 primum
685 2438 805 2512 aspieiO,
826 2437 1006 2513 complector
1028 2448 1181 2518 aegnrmfl

141 2545 228 2600 quem
254 2527 355 2602 pirata
376 2545 436 2585 non
462 2528 580 2584 reeusat
606 2527 665 2586 sibi
686 2524 837 2601 relinqui?
881 2529 907 2586 si
929 2528 1149 2602 persuasionem

140 2616 234 2689 patris
257 2617 435 2692 interroges,
462 2614 603 2690 quiequid
626 2619 671 2674 est
694 2616 773 2690 quod
795 2616 886 2674 miser
911 2618 1078 2692 torquetur,
1101 2616 1149 2676 ad·

140 2703 246 2777 ficitur,
264 2722 325 2762 non
342 2704 516 2780 languorem
534 2703 628 2779 eredo,
647 2704 700 2763 sed
716 2705 945 2779 impatientiam,
963 2704 1149 2779 desiderium,

211 2879 226 2924 3
251 2873 288 2927 ad
307 2889 391 2941 quae:
416 2875 500 2942 etque
519 2895 538 2926 α
557 2873 603 2942 (ad
622 2890 694 2941 quae
715 2874 755 2927 ‘et
772 2874 826 2928 hoe
844 2875 888 2928 est
906 2873 1020 2927 melius'
1039 2877 1081 2945 ne)

140 2961 242 3033 tristid¹
259 2989 281 3032 V
325 2979 496 3048 respirarent
511 2989 544 3032 s!
590 2979 777 3034 testeribus.
796 2996 827 3034 er
844 2981 943 3035 iures.
957 2989 987 3035 Ι
1034 2981 1152 3053 bsi{B

140 3086 263 3166 equod:
283 3102 338 3154 quo
358 3096 390 3140 e!
441 3065 606 3169 Jpraestat
624 3096 656 3141 e!
712 3087 878 3142 Sardentes
900 3097 921 3139 v
975 3088 1087 3158 eorpori
1104 3096 1153 3141 nr

140 3162 156 3209 9
179 3157 293 3227 insuper
311 3159 419 3226 scripsi
439 3158 469 3210 in
488 3175 579 3211 suae>
660 3173 756 3228 supra:
776 3175 885 3228 semper
899 3165 940 3226 Ν;
959 3175 1009 3215 oea
1026 3171 1042 3212 s
1122 3159 1150 3213 in

141 3244 191 3281 sua
209 3246 293 3299 supra
311 3229 405 3283 vinela
423 3229 489 3283 tabe
508 3231 585 3285 Dese
600 3247 628 3297 p.
644 3234 679 3283 91
762 3235 796 3285 10
818 3229 913 3285 reddit
933 3201 955 3281 ’V
1037 3237 1070 3285 11
1089 3230 1150 3284 ber·

139 3299 210 3352 viter
231 3310 252 3353 V
328 3300 641 3370 languorismros.15
720 3306 753 3354 15
772 3301 818 3356 hio
836 3311 864 3355 P
948 3307 980 3354 17
999 3304 1151 3372 exaggeret

139 3373 248 3439 scripsi:
263 3375 395 3441 exegerat
407 3381 461 3437 1¹33
480 3374 632 3441 exaggerat
649 3380 699 3425 m
710 3375 754 3442 (ex
768 3375 938 3443 exaeggerat
950 3373 1004 3442 Μ);
1022 3378 1121 3443 egerat
1132 3385 1154 3427 e

143 3447 175 3495 18
194 3459 257 3495 eum
275 3452 303 3495 Ρ
364 3448 396 3496 19
417 3459 480 3496 cum
498 3452 526 3495 Ρ
586 3449 620 3496 20
639 3445 689 3496 aut
708 3443 877 3499 dementiae:
896 3446 929 3497 ut
946 3443 1091 3500 dementia
1103 3453 1155 3500 BV

140 3517 172 3564 21
192 3513 293 3566 furoris
312 3523 344 3567 Μ
413 3519 447 3566 24
466 3513 625 3569 existimare
644 3527 665 3568 u
