2408 3840
373 146 608 210 DECLAMATIO
627 154 652 207 X
667 160 744 209 3-6,
1004 154 1067 218 193

53 328 89 383 ut
106 343 161 400 per
178 324 310 399 quietem
328 324 487 401 contigisse
509 323 605 382 filium
623 299 711 382 dicat.
749 324 826 382 unde
844 325 968 382 miserae
987 327 1067 398 tunc,
1107 384 1110 394 ,

52 413 131 472 unde
160 411 299 472 somnus?
344 413 420 471 nihil
448 412 483 471 de
509 414 553 487 te,
581 414 702 487 marite,
730 413 806 470 nihil
834 432 948 487 queror.
994 415 1069 472 satis

52 520 179 580 magnas
197 502 326 562 dedisses
349 520 467 577 poenas,
491 501 611 560 3113113
634 501 770 560 noctibus
789 521 904 561 mecum
927 501 1067 560 1131333-

52 593 169 651 luisses.
209 591 333 650 11113333
356 591 467 665 utique,
491 609 551 649 non
574 590 821 666 quemadmodum
844 593 946 649 tenues
969 610 1069 648 rerum

14 681 202 758 -simagines
225 681 323 739 solent
344 679 574 756 cogitationibus
596 683 728 755 accipere
752 698 865 756 corpus,
889 699 956 738 cum
973 698 1068 738 vanae

55 768 173 828 absenti
204 771 304 828 animo
332 770 527 847 cogitationes
559 768 721 846 finguntur,
753 770 805 827 sed
835 770 933 844 ipsum
964 768 1068 843 filium,

55 859 155 934 qualis
177 857 387 917 blandissimus
411 859 483 932 erat,
507 859 545 932 et,
569 859 595 916 si
617 858 796 933 dimittatur,
819 857 932 916 videbo.
970 856 1068 915 subito

54 949 126 1006 31113
148 966 197 1005 me
221 947 348 1007 diductis
376 946 512 1007 constitit
537 945 681 1020 tenebris,
709 966 768 1005 non
795 947 847 1004 ille
874 947 990 1022 pallens
1015 964 1069 1004 nec

55 1035 165 1096 acerbo
187 1036 330 1113 languore
353 1038 545 1111 consumptus
567 1054 621 1094 nec
645 1036 741 1110 qualis
765 1054 853 1111 super
877 1053 965 1113 rogos
988 1035 1069 1094 vide-

10 1142 42 1188 13
54 1125 147 1184 1131111
179 1126 210 1182 et
240 1125 388 1199 flammas,
421 1125 472 1184 sed
503 1124 606 1183 viridis
639 1127 669 1183 et
700 1143 770 1183 sane
802 1125 925 1200 pulcher
956 1125 1069 1182 habitu.

55 1215 157 1273 nescio
184 1212 237 1271 ubi
263 1215 359 1272 totam
385 1215 547 1289 reliquerat
573 1215 707 1272 mortem.
753 1233 812 1272 non
842 1216 911 1291 igne
940 1213 1070 1272 torridae

56 1320 160 1362 comae
188 1321 241 1361 neo
269 1303 374 1362 favilla
401 1302 518 1361 funebri
544 1305 631 1379 nigra
658 1304 748 1362 iacies
781 1322 835 1361 neo
857 1305 906 1361 vix
933 1302 1006 1360 bene
1030 1305 1070 1361 ci-

55 1411 126 1451 nere
156 1393 319 1467 composito
347 1392 468 1450 umbrae
495 1394 621 1450 recentis
648 1393 752 1469 igneus
782 1392 911 1467 squalor.
956 1392 1070 1466 procla·
1099 1424 1102 1428 -

55 1483 154 1539 maret
176 1483 272 1538 mater
293 1482 405 1556 infelix,
430 1482 547 1540 etiamsi
569 1481 660 1538 talem
682 1481 782 1539 videre
806 1481 937 1540 desisset.
974 1482 1071 1555 primo

10 1572 178 1631 natantum
201 1571 294 1629 stetit.
308 1572 338 1628 31
360 1589 391 1629 33
413 1571 549 1646 permisit
572 1572 700 1646 agnosci.
738 1589 792 1647 ego
815 1572 886 1629 tuno
908 1569 1070 1645 plurimum

56 1660 161 1734 stupui
182 1677 242 1716 non
266 1677 338 1718 ausa
360 1661 460 1718 oscula
483 1659 566 1733 dare,
594 1678 653 1717 non
675 1661 797 1736 iungere
821 1659 981 1733 amplexus.
1026 1660 1071 1715 in-

57 1748 130 1806 felix
162 1749 291 1822 primam
321 1747 437 1823 perdidi
468 1750 598 1822 noctem,
631 1748 703 1805 dum
734 1749 839 1822 timeo,
872 1767 909 1806 113
940 1748 1071 1824 fugeret!

56 1837 135 1896 hanc
157 1840 201 1910 tu,
223 1838 338 1913 marite,
360 1839 581 1912 persuasionem
604 1839 692 1911 putas
716 1839 747 1894 et
764 1856 875 1895 vanum
898 1839 991 1894 animi
1013 1839 1073 1894 mei

56 1926 191 2004 lugentis
210 1923 358 1984 errorem?
394 1926 538 2001 quicquid
556 1927 601 1985 est
617 1927 650 1983 in
668 1925 739 2000 filio,
761 1926 829 2001 plus
848 1926 928 2000 apud
946 1928 1073 1983 matrem

10 2014 105 2090 unfit,
134 2033 203 2072 cum
230 2014 347 2073 desinit.
392 2017 438 2073 vis
466 2015 592 2090 denique
620 2016 694 2073 scire
717 2015 789 2089 quid
816 2017 901 2072 uxori
928 2016 997 2072 tuae
1024 2015 1072 2072 de-

57 2101 206 2162 traxeris?
234 2121 269 2160 ex
292 2103 431 2162 defuncto
459 2103 521 2162 filio
549 2122 608 2161 non
636 2104 725 2162 habet
754 2104 835 2161 aliud
860 2102 938 2178 quod
967 2105 1072 2177 speret.

125 2192 192 2250 Iam
209 2211 268 2251 nox
282 2192 377 2250 altera
391 2192 502 2266 aderat,
521 2194 552 2250 et
568 2194 672 2267 primis
687 2195 790 2251 statim
803 2192 933 2250 tenebris
951 2194 1070 2267 praesto
1090 2192 1110 2246 6

58 2281 138 2340 filius
163 2282 227 2340 erat
249 2299 309 2339 non
331 2282 382 2340 ille
405 2284 440 2340 ut
466 2281 561 2358 pridie
586 2282 690 2356 procul
718 2284 748 2340 et
774 2283 893 2339 tantum
919 2281 1073 2354 videndus,

60 2369 112 2430 sed
139 2370 280 2429 audacius
308 2372 338 2428 et
364 2373 486 2446 propius
519 2373 549 2428 et
576 2370 614 2428 ad
645 2373 750 2429 matris
783 2389 887 2429 manus
919 2372 1074 2445 tamquam

12 2468 167 2535 &corpus
190 2459 338 2518 accedens.
379 2479 433 2518 nec
455 2461 516 2518 iam
538 2461 597 2518 11131
619 2478 687 2518 cum
709 2461 774 2518 luce
798 2461 879 2518 certa
902 2459 1074 2536 fugatisque

61 2546 207 2607 sideribus
225 2549 338 2607 invitus
355 2548 408 2606 ille
421 2549 598 2608 canescebat
616 2567 651 2606 ex
669 2550 762 2607 oculis
780 2549 908 2606 multum
926 2550 1074 2621 1331313113,

60 2654 150 2710 saepe
167 2637 326 2712 respiciens
345 2639 446 2713 etqui
465 2657 494 2696 33
513 2639 702 2713 promitteret
720 2640 811 2696 etiam
830 2638 966 2713 proxima
988 2640 1074 2696 nocte

61 2727 228 2783 venturum.
274 2728 335 2784 iam
366 2728 494 2785 maerori
524 2727 616 2786 loeus*
638 2745 698 2785 non
731 2729 807 2785 erat:
839 2726 946 2784 mulier
980 2725 1072 2783 filium

61 2817 148 2873 nocte
172 2814 300 2889 videbat,
324 2814 371 2873 die
395 2815 540 2889 sperabat.
579 2816 650 2890 quid
673 2816 782 2874 attinet
805 2815 923 2893 singula
945 2812 1075 2872 referre?

16 2914 50 2962 13
62 2903 162 2977 nullis,
180 2905 290 2978 inquit,
312 2904 455 2964 destituta
474 2923 540 2963 sum
557 2905 695 2978 tenebris,
714 2904 806 2963 donec
824 2905 968 2963 scelerata
985 2906 1074 2963 tacui.

62 2991 196 3052 satiabar
232 2993 352 3068 osculis,
387 2993 519 3052 satiabar
551 2993 734 3068 amplexibus
767 2995 798 3051 et
829 2993 1018 3068 colloquebar
1046 2994 1077 3051 et

133 3179 286 3234 3dedisse
304 3189 346 3244 Be
418 3179 642 3234 63113311113311
710 3179 852 3233 lvidebis
874 3179 921 3233 Gr.
996 3179 1076 3232 adi-

63 3250 156 3305 duotis
175 3262 205 3318 ‘3
224 3250 352 3305 deductis
371 3272 393 3303 ω
456 3256 488 3303 10
507 3251 604 3320 pulcer
622 3261 650 3304 Ρ
707 3257 739 3304 13
759 3251 886 3304 umbrae:
906 3251 1032 3304 membra
1050 3260 1078 3303 B

64 3328 97 3376 14
115 3322 243 3376 dedisset
259 3332 284 3376 J
355 3328 387 3376 15
407 3322 521 3390 permisi
540 3332 582 3390 M,
605 3341 673 3378 corr.
688 3343 719 3374 m
793 3328 825 3375 16
847 3321 1006 3385 osculums

63 3399 97 3447 18
115 3393 326 3463 persuasionem
345 3393 500 3466 <inanem>
520 3395 597 3449 Dcss.
690 3399 722 3447 19
748 3396 857 3461 patrem
882 3392 937 3462 sit}
960 3395 983 3462 (t
1005 3395 1078 3447 vocis

63 3466 102 3520 sit
118 3468 152 3520 s'n
168 3481 224 3521 ras.
239 3467 267 3536 o)
280 3475 309 3518 B
379 3470 413 3518 20
436 3464 474 3518 sit
497 3473 538 3518 so
607 3471 639 3518 21
664 3465 805 3536 {amplius
824 3467 852 3535 (3
870 3470 918 3535 cr.)
939 3473 980 3530 ΒΧ
999 3464 1090 3517 aliud

61 3547 172 3606 supas
245 3542 278 3592 16
298 3536 482 3591 evanescebat
498 3545 520 3589 V
587 3543 619 3593 31
640 3537 827 3611 colloquebar
845 3536 1010 3592 audiebam
1027 3529 1056 3587 11

116 3636 272 3685 emman
280 3645 485 3678 nsomumorrss
501 3639 536 3680 ed.
551 3639 696 3686 Lehnert.
908 3635 948 3685 lb

1139 2360 1164 2401 N
