2408 3840
409 118 642 173 DEOLAMATIO
661 118 700 172 VI
713 124 808 174 8-10.
1054 119 1117 184 119

105 286 309 348 crudelissimo
334 286 452 346 Siciliae
474 281 626 366 tyranno]
650 306 729 347 mors
752 288 792 346 sit
815 290 984 347 extremum.
1022 282 1118 366 [quod

108 376 227 452 quidem
245 395 314 435 cum
327 377 503 452 permissum
516 396 576 436 non
590 379 675 452 esset,
693 376 909 452 pernoctabant
922 380 992 436 ante
1006 378 1117 437 ostium

109 467 230 524 amnis
260 465 357 542 pretio
388 465 566 525 redimentes
598 466 761 542 sepeliendi
790 468 976 541 potestatem.
1024 464 1115 543 quid?

106 554 226 613 budam
249 554 305 613 hoe
326 554 443 614 Marcus
465 555 591 629 Tullius,
613 557 714 630 patres
736 556 915 630 matresque,
937 549 1115 634 promeruit]

81 645 139 702 stu
155 643 251 702 vende
275 643 382 703 saltem
399 643 479 720 quod
498 643 552 702 sub
570 643 663 702 Verre
681 643 917 703 crudelissimum
934 644 1000 701 fuit.
1038 646 1116 704 certe

103 751 158 810 ego
186 731 283 790 filium
310 731 467 806 redimam,
493 752 547 792 noc
573 733 648 791 mihi
674 732 805 808 pretium
835 733 886 791 diu
914 732 1117 808 quaerendum

103 824 161 881 est:
183 820 280 880 habeo
298 839 411 880 manus.
442 821 519 880 nihil
537 822 665 881 moveris
683 840 762 881 nunc
781 823 811 880 et
829 820 1014 880 debilitatem
1031 823 1116 880 tuam

101 910 207 970 iactas.

171 998 329 1076 Singulare
356 998 474 1060 feminis
502 999 669 1074 exemplum
696 998 812 1058 ostendi
838 1000 1013 1075 narrarique
1041 998 1116 1058 desi·

65 1106 90 1146 ro
102 1086 204 1147 doras:
227 1089 411 1164 sepulturam
433 1087 489 1147 filii
510 1089 637 1146 maritus
656 1106 674 1146 a
696 1091 728 1147 to
745 1088 906 1163 impetrare
924 1107 985 1147 non
1007 1089 1114 1163 potuit.

102 1176 180 1236 vado
203 1176 336 1251 hercule,
363 1178 390 1236 si
412 1177 499 1252 libet,
527 1179 557 1235 et
580 1195 685 1252 corpus
708 1179 740 1235 in
766 1177 873 1236 fluctus
895 1177 1015 1252 repelle.
1061 1180 1117 1236 aut

102 1266 260 1342 siparum
282 1265 390 1325 celebri
412 1266 478 1325 loco
500 1265 618 1326 uidetur
641 1266 802 1341 abiectum,
829 1266 907 1325 inice
931 1285 1053 1324 manum
1076 1269 1115 1343 et,

102 1373 140 1413 ne
162 1355 263 1413 minus
285 1357 316 1414 te
339 1355 429 1414 satiet
451 1355 584 1414 alienum
605 1355 814 1429 ministerium,
836 1356 904 1431 ipsa
925 1356 1116 1430 potissimum

101 1443 198 1503 trahe.
244 1444 369 1503 alteram
390 1462 511 1502 manum
533 1443 707 1503 cadaveri'
699 1463 831 1544 impone,
859 1444 955 1503 altera
977 1444 1033 1503 duc
1056 1463 1116 1519 qua

62 1551 88 1592 rs
102 1533 375 1608 frequentissimum
394 1534 468 1592 rotis
491 1533 549 1592 iter
571 1535 616 1592 est
639 1535 670 1591 et
688 1533 774 1610 nigra
795 1533 868 1591 limo
887 1531 945 1592 via.
980 1534 1116 1607 proterat

101 1621 247 1680 miserum
273 1623 413 1681 onustum
434 1621 605 1681 vehiculum
632 1624 662 1680 et
689 1622 909 1681 sanctissimum
935 1625 1038 1696 pectus
1061 1643 1116 1680 nn·

102 1710 192 1788 gulae
222 1712 371 1787 rumpant.
422 1712 489 1786 ipsa
521 1712 664 1786 qnoniam
696 1710 836 1770 defeceris
868 1710 976 1785 oculis,
1008 1711 1115 1770 elisum

101 1801 194 1875 caput
225 1801 256 1856 et
288 1817 426 1875 oppressa
462 1800 641 1876 ponderibus
676 1799 849 1875 praecordia
885 1756 1022 1859 manibus
1054 1800 1115 1859 tuis

100 1890 267 1964 pertracta,
296 1889 321 1946 si
343 1888 462 1964 quidem
484 1889 551 1949 istis
577 1888 699 1965 audeas,
728 1891 819 1947 etiam
843 1887 980 1948 dentibus
1007 1890 1114 1948 lacera.

60 1977 272 2054 olifigamus,
295 1978 496 2053 consistimus,
524 1977 556 2035 in
578 1977 728 2038 diversum
751 1977 874 2036 abimus.
919 1995 1025 2054 nempe
1048 1997 1115 2037 cum

100 2066 217 2141 viceris,
242 2067 341 2125 omnia
362 2066 447 2141 paria
470 2065 643 2126 habebimus
665 2069 784 2142 praeter
807 2066 947 2125 animum.
988 2087 1048 2126 non
1071 2086 1115 2126 se-

99 2152 217 2230 pelies?
247 2154 324 2229 vide,
338 2173 457 2231 quaeso,
470 2155 548 2230 vide,
566 2174 612 2230 ne,
631 2154 703 2214 dum
720 2156 832 2233 litigas,
845 2155 988 2214 harenam
1005 2155 1114 2214 fluctus

101 2246 241 2322 aggerat,
274 2243 379 2302 iniciat
413 2244 537 2302 humum
567 2243 733 2304 misericors
769 2243 907 2320 populus.
958 2243 1058 2318 obsta,
1089 2245 1116 2302 si

101 2335 187 2392 cuins
210 2332 368 2392 clementia
390 2333 540 2392 tumulum
561 2333 678 2409 fecerit,
700 2332 803 2410 effode,
827 2335 865 2407 et,
888 2350 957 2390 cum
978 2333 1051 2391 talis
1074 2333 1115 2392 sis

60 2441 88 2481 ss
100 2423 208 2497 mater,
231 2420 306 2481 aude
328 2420 479 2500 indignari
497 2423 528 2481 et
550 2423 695 2481 exclama:
719 2416 827 2498 ‘magis
846 2421 959 2479 amavit
976 2417 1112 2497 patrem!

100 2528 204 2570 cruces
231 2510 430 2586 succiduntur,
456 2528 609 2587 percussos
636 2511 757 2587 sepeliri
784 2509 914 2570 carnifex
939 2529 999 2569 non
1021 2513 1114 2586 vetat,

100 2599 161 2675 ipsi
183 2600 300 2675 piratae
323 2599 399 2658 nihil
422 2599 550 2677 amplius
573 2618 664 2676 qnam
685 2601 843 2676 proiciunt.

169 2687 276 2762 Mater,
302 2706 484 2764 quamquam
506 2689 562 2748 hoc
583 2708 691 2747 nomen
717 2690 872 2765 profanari
894 2687 978 2747 nefas
1000 2689 1059 2764 est,
1088 2690 1114 2748 si
1128 2687 1170 2744 10

175 2900 189 2946 1
213 2909 288 2947 mors
307 2892 345 2947 sit
362 2895 516 2947 extremum
535 2895 587 2949 H:
611 2893 709 2948 mersit
727 2894 880 2947 extremam
897 2902 958 2960 ⁸1⁷3
983 2909 1058 2947 mors
1077 2893 1115 2947 sit

100 2967 229 3020 extrem
241 2964 378 3019 malornm
392 2974 458 3029 nso
509 2967 695 3034 lpatremB
747 2965 942 3034 promeruits·
959 2965 1060 3019 misere
1073 2965 1115 3020 uel

101 3053 148 3090 -ae
162 3044 268 3104 17σῆ
286 3036 405 3096 misere}
386 3041 442 3107 (s
455 3039 503 3106 cr.)
517 3045 560 3102 113
578 3036 724 3090 marchas
778 3035 1016 3090 osaltomvende
1031 3045 1063 3089 Μ

101 3107 202 3162 Verre:
220 3107 280 3161 vire
298 3117 335 3175 1³,
353 3116 456 3162 veras
520 3112 552 3161 11
571 3106 687 3161 finctum
705 3115 764 3161 ΒΜ
825 3112 858 3160 13
877 3109 955 3161 secet
971 3116 1000 3160 B
1051 3107 1114 3177 ipsa

100 3181 171 3284 post
190 3213 369 3284 potissimum
388 3216 411 3284 (t
427 3230 502 3282 supr.
517 3215 559 3284 m)
577 3222 610 3266 Μ
665 3218 698 3266 14
716 3213 810 3267 trahes
828 3222 880 3267 BV
929 3229 1043 3266 manum
1062 3230 1114 3268 om.

101 3295 140 3354 M,
158 3287 191 3339 ia
208 3302 295 3356 musy.
310 3285 373 3339 add.
388 3305 420 3338 m
506 3290 539 3338 15
558 3286 671 3354 poterat
688 3294 710 3337 V
792 3290 824 3338 16
843 3285 995 3338 honustum
1012 3294 1065 3338 BV

103 3362 136 3410 19
155 3356 262 3410 audeas
275 3357 338 3411 istis
352 3365 384 3409 Μ
435 3355 535 3411 audias
548 3365 574 3410 1
625 3361 658 3409 21
677 3339 815 3427 pohiers
867 3357 979 3425 praeter
993 3356 1115 3409 amicum

102 3428 262 3493 animumn
338 3445 406 3483 non:
425 3440 527 3492 numa
607 3432 641 3480 23
659 3427 778 3496 populos
796 3435 824 3479 B
903 3426 985 3481 obsta
1002 3428 1114 3497 scripsi:

101 3498 240 3554 obstaso
312 3501 502 3555 ibetomff'
570 3498 717 3565 ilqd’?
