2408 3840
133 126 199 189 264
495 123 586 178 nPns
604 123 781 178 PAVPERIS

132 296 268 353 veniente
292 293 428 352 doctrina
454 294 531 352 hanc
558 295 653 352 artem
679 290 783 352 nesci?
828 293 902 367 quid
927 311 988 351 non
1011 293 1147 351 divinum

132 383 251 457 habent,
273 383 333 440 nisi
356 383 435 458 quod
456 379 646 441 moriuntur?

81 478 118 532 19
198 471 246 529 An
274 490 344 530 vero
377 473 527 530 auctorem
554 471 618 529 vini
648 469 789 530 Liberum
821 470 963 544 colimus,
992 470 1147 546 primitiae

132 562 252 638 frugum
277 558 375 619 Oereri
402 561 579 635 referuntur,
605 560 755 619 inventrix
777 559 860 618 oleae
883 559 1020 618 Minerva
1045 579 1147 618 narro-

132 654 190 723 tur,
218 649 307 708 melle
330 649 466 726 genuisse
488 650 587 707 minus
606 650 652 707 est
674 651 704 707 et
730 648 948 724 interponenda
971 651 1078 726 gustus
1096 667 1145 709 vo·
1168 670 1178 710 s

132 740 247 814 luptete
274 741 394 797 tantum
422 738 550 798 effecisse
574 738 719 813 quantum
746 757 783 796 ne
810 737 877 813 ipss.
900 736 1021 813 quidem
1048 756 1145 797 rerum

132 830 240 886 natura
262 847 316 902 per
339 847 369 886 se
392 825 511 903 potuit?
557 825 596 884 ad
619 827 817 902 plurimarum
843 827 980 886 incursus
1003 827 1145 885 valitudi-

131 937 204 974 num
226 916 390 975 remedium
417 918 475 990 est,
502 917 744 991 praesentissime
770 915 925 974 medicine.
971 934 1045 974 narn
1069 915 1145 991 quod

133 1005 171 1063 ad
195 1005 274 1064 cibos
294 1004 413 1080 quidem
436 1006 574 1080 pertinet,
598 1004 705 1064 divites
724 1005 861 1064 viderint.
898 1005 946 1063 his
967 1004 1143 1063 animalibus

133 1095 242 1168 aliquis
265 1093 401 1153 insidiari
423 1094 532 1169 potuit,
555 1095 586 1152 et
605 1094 751 1168 insidiari,
774 1113 865 1168 quaro
883 1093 976 1152 mello.
993 1091 1173 1154 facerentia

132 1184 205 1241 haee
227 1183 376 1258 pestiferis
394 1184 472 1241 sucis
491 1183 639 1257 exquisite
658 1202 712 1258 per
730 1182 866 1241 fraudem
884 1185 981 1242 morte
999 1179 1143 1242 confecit?

134 1274 164 1329 et
187 1270 266 1346 quod
284 1272 324 1330 sit
345 1271 594 1349 indignissimum,
619 1290 677 1346 quo
700 1271 817 1331 facilius
839 1271 997 1346 deciperet,
1021 1273 1140 1332 fortasse

133 1380 246 1418 venene
267 1360 355 1419 melle
377 1358 585 1437 permiscuit?¹
608 1380 683 1435 quae
701 1363 766 1419 tem
783 1360 947 1419 inhumano
965 1357 1139 1420 erudelitas?

134 1450 200 1524 quis
231 1451 294 1507 tam
326 1449 478 1509 inauditus
510 1446 608 1509 livor?
662 1449 738 1507 nihil
770 1451 816 1508 est
843 1449 923 1508 enim
951 1450 1044 1524 quod,
1071 1443 1137 1527 (ut)

133 1539 227 1597 utaris
255 1540 420 1613 patrocinio
448 1541 515 1611 tuo,
548 1538 642 1613 dives,
671 1557 835 1613 paucorum
865 1537 974 1597 domno
1006 1539 1163 1599 foliorumu

134 1626 261 1686 doluisse
284 1630 314 1685 te
337 1629 468 1686 simulas
514 1628 594 1686 Dum
616 1645 697 1686 meos
721 1645 791 1702 apes
819 1627 951 1685 occidere
975 1627 1035 1702 vis,
1061 1627 1134 1686 flores
1176 1614 1178 1625 ’

133 1719 201 1774 tuos
223 1717 345 1776 inutiles
367 1717 473 1775 fecisti.

207 1909 222 1955 3
245 1905 310 1958 haec
334 1905 489 1972 saepissime
512 1903 731 1972 ascriptoribus
752 1908 934 1971 usurparetur,
957 1906 1012 1970 ita,
1033 1911 1065 1958 ut
1085 1906 1132 1958 iare

134 1975 248 2041 dubites,
261 1992 328 2028 aum
339 1975 521 2043 posteriorum
540 1976 570 2043 (e.
585 1991 610 2044 p.
626 1972 837 2039 PANEG.4,17
855 1973 990 2028 ARNOB.
1005 1977 1063 2029 nst.
1078 1975 1131 2040 1,ae

134 2045 238 2101 TERT.
254 2045 326 2114 epol.
343 2049 387 2115 11)
406 2046 458 2100 lori
474 2045 579 2116 pemelb'
596 2062 629 2099 ea
646 2046 698 2099 bac
715 2045 909 2099 declamatione
926 2046 1065 2113 llaaeriut.

205 2230 221 2276 4
241 2222 334 2276 Cereri
351 2240 385 2277 ea
403 2223 488 2276 ceteri
507 2232 548 2289 ,Βς
567 2221 652 2276 bereri
670 2231 690 2274 s
753 2223 893 2276 inventrix
909 2241 943 2278 ea
961 2224 998 2278 -is
1016 2233 1045 2277 Β
1097 2233 1131 2274 ne

132 2311 218 2349 nerva
236 2297 385 2347 narrantur
402 2303 430 2347 Β
509 2296 660 2363 ignotus:
684 2296 769 2362 gustu
788 2311 838 2348 suo
856 2303 884 2347 Β
968 2295 1133 2350 voluntaris
1176 2316 1178 2357 l

135 2365 361 2420 svaletudinum
380 2378 415 2430 eo
476 2363 679 2418 Smedieinem
696 2373 725 2417 Β
777 2382 843 2419 nem
860 2383 911 2419 om.
925 2374 986 2420 ΒΜ
1051 2371 1130 2435 sper·

133 2437 225 2490 tinent
242 2445 277 2504 Β,
295 2455 314 2489 n
333 2437 382 2490 del.
398 2447 428 2504 ὸς
447 2437 589 2505 pertinent
611 2445 660 2488 VM
717 2436 741 2490 is
759 2445 794 2503 Β,
813 2436 832 2488 h
850 2447 960 2506 stupro
1024 2444 1055 2491 11
1074 2450 1131 2490 nor·

133 2511 191 2561 tem
210 2517 263 2561 m
347 2514 379 2561 13
398 2519 570 2561 venenums
661 2512 694 2560 14
712 2509 744 2561 ut
763 2525 813 2562 cm.
829 2529 864 2573 ως
883 2508 948 2562 add.
964 2510 1077 2564 Bestius

136 2585 168 2632 15
187 2578 308 2632 filiorum
325 2588 353 2632 Β

205 2669 427 2737 subscriptionem
446 2685 496 2722 cm.
513 2676 541 2720 Β
647 2649 676 2722 il
694 2667 794 2754 resi}
811 2665 1040 2732 Qvnsrlmnm
1057 2662 1132 2722 nPls

134 2755 319 2810 PAVPERIS.
339 2755 503 2810 EXPLICIT
526 2765 547 2808 V
650 2756 779 2811 EXPLIC
802 2756 851 2810 DE
873 2756 972 2825 APIB3
996 2750 1133 2811 VENENO

135 2845 275 2900 coclers.
293 2829 393 2898 nsori
409 2833 471 2898 nn}
486 2845 561 2899 con
578 2845 676 2899 rcrn
694 2847 800 2916 (iniec)
819 2854 852 2900 ι
938 2845 1073 2902 senetur
1093 2844 1134 2899 n-

134 2917 471 3057 pjlizissnsspZCtpzeJuperis.
499 2916 603 2985 incipit
625 2918 732 2988 gemini
753 2917 916 2988 languentis
939 2920 1005 2988 (tes
1021 2921 1050 2988 s)
1069 2932 1084 2983 ρ
1103 2916 1134 2987 (ia
