2408 3840
133 157 175 221 32
470 156 605 213 GAEOVS
623 158 664 211 IN
682 158 810 212 LIMINE

133 327 231 387 verba.
277 344 422 385 venenum
449 327 529 402 quod
554 328 637 385 tenet
664 346 782 402 caecus,
808 326 903 403 ipsius
932 329 990 401 est,
1019 327 1045 385 si
1072 327 1149 386 illud

135 419 260 475 excuset

81 506 120 563 14
203 503 269 580 Sed,
291 504 399 581 inquit,
422 504 615 563 exheredatus
634 525 652 563 a
669 507 755 580 patre
775 507 828 564 est,
864 507 1009 580 poteram,
1027 505 1149 580 iudices,

134 595 279 654 secretum
300 594 356 654 hoc
374 593 452 652 senis
470 593 708 670 profundumque
727 612 832 654 vocare
855 595 1021 668 consilium,
1045 597 1148 654 contra

134 684 271 743 iuvenem
301 685 403 742 tamen
432 701 495 742 esse
521 701 582 741 non
610 682 710 758 debet,
743 684 834 741 etiam
861 686 896 742 ut
924 682 959 742 de
986 683 1147 760 parricidio
1170 702 1181 743 s

134 772 293 832 crediderit
319 790 470 832 novercae.
516 775 621 831 notum
646 773 717 847 hoc,
744 772 869 848 iudices,
898 791 932 831 ac
955 773 1080 850 vulgare
1105 772 1147 832 fa·

134 863 217 922 cinus
241 863 294 936 est,
319 861 398 938 quod
415 861 591 937 plerumque
614 865 718 920 contra
740 861 848 920 liberos
873 864 1011 919 amantur
1034 880 1148 936 uxores,

135 953 165 1010 et
184 952 372 1026 sequentium
390 950 648 1010 matrimoniorum
665 970 726 1010 non
741 950 860 1009 aliunde
876 969 966 1026 quam
984 950 1020 1009 de
1040 950 1147 1010 damno

133 1041 257 1116 pietatis
285 1040 418 1098 adfectus
447 1041 500 1098 est.
546 1057 638 1116 genus
671 1039 890 1098 infirmissimae
923 1041 1077 1098 servitutis
1106 1043 1149 1099 est

127 1148 221 1196 ¹senex
253 1130 392 1203 maritus,
421 1130 452 1186 et
483 1130 603 1187 uxoriae
637 1130 771 1188 caritatis
805 1129 940 1188 ardorem
971 1128 1148 1206 flagrantius
1160 1148 1181 1190 rc

133 1217 251 1295 frigidis
284 1217 465 1293 concipimus
498 1215 670 1277 adfectibus.
717 1215 810 1293 quid?
842 1217 921 1292 quod
952 1236 1073 1277 necesse
1105 1220 1149 1277 est

133 1307 331 1383 inpatientius
359 1310 438 1366 amet
459 1305 585 1365 maritus
608 1324 730 1364 uxorem
754 1307 805 1382 qui
833 1305 891 1365 sibi
912 1304 1033 1365 videtur
1054 1306 1148 1365 filium

134 1399 195 1455 iam
217 1394 403 1472 perdidisse?
439 1396 616 1455 facillimum
639 1397 684 1454 est
707 1395 742 1453 de
761 1413 847 1454 caeco
871 1395 1066 1472 parricidium
1089 1415 1147 1455 ere

135 1486 216 1560 dere,
245 1504 312 1545 cum
333 1486 485 1561 hucusque
513 1484 671 1558 erraveris,
696 1487 733 1542 ut
754 1484 927 1559 inquireres.
973 1485 1042 1544 volo
1067 1485 1148 1560 scire,

134 1575 258 1651 indicae,
292 1574 365 1652 quid
397 1574 500 1633 iecerit
525 1576 614 1633 homo
642 1591 729 1632 senex
757 1576 810 1650 qui
841 1573 1023 1651 parricidam
1054 1573 1183 1636 filiumu

135 1664 218 1724 sciat.
263 1685 323 1724 non
351 1665 483 1724 culleum
508 1667 609 1740 parat,
641 1682 702 1722 nou
733 1662 809 1721 illud
837 1663 965 1741 porrigit
992 1682 1149 1739 venenum,

134 1772 195 1811 non
213 1754 320 1813 saltem
338 1753 525 1813 abdicatione
544 1752 684 1811 dimittit:
706 1753 920 1811 testamentum
940 1752 1149 1812 tantummodo

134 1844 246 1915 mutat,
274 1845 304 1902 et
326 1841 476 1918 parricida
499 1843 563 1902 sola
590 1843 768 1918 paupertate
795 1842 927 1918 punitur.
973 1860 1060 1919 rogo,
1086 1842 1150 1917 quis

134 1930 335 2009 praecipitat?
361 1930 469 2009 urget?
496 1931 608 1991 adeone
630 1949 691 1989 non
713 1933 813 2007 potest
839 1931 905 1990 fieri
927 1930 1007 1988 idem
1030 1933 1149 2006 postero

135 2018 204 2078 die?
235 2021 354 2098 gravius
382 2022 438 2080 hoc
464 2021 559 2079 faciet
585 2021 686 2096 pater,
714 2021 822 2079 sinon
849 2019 1034 2097 praestiterit
1057 2019 1150 2082 uxori
1164 2041 1187 2082 rc

136 2107 229 2185 quid?
261 2109 340 2186 quod
366 2112 422 2169 hoc
453 2113 552 2186 ipsum
583 2111 647 2167 tam
679 2108 809 2186 placide,
842 2112 905 2168 tam
935 2109 1036 2184 quiete
1069 2109 1152 2183 facit,

136 2199 224 2274 quasi
247 2202 348 2277 captet
369 2197 542 2274 imponere?
570 2197 642 2274 quid
665 2198 764 2258 dicitis
787 2200 965 2258 miserorum
992 2199 1153 2273 parentum

137 2287 292 2348 adfectus?
338 2288 567 2347 exheredatums
595 2287 690 2346 filium
722 2291 809 2365 pater
840 2306 899 2346 non
928 2287 1056 2346 advocat
1083 2305 1153 2364 pro-

135 2379 276 2454 pinquos,
308 2397 368 2436 nou
396 2377 546 2436 contrahit
568 2379 699 2453 amicos,
730 2377 824 2435 nullis
854 2376 987 2436 lacrimis
1018 2375 1154 2450 tabulae,

136 2467 220 2525 nulla
238 2455 451 2527 uociferatione
470 2464 677 2542 complentur?
713 2466 817 2540 nesciS,
840 2484 937 2539 senex,
961 2467 1077 2540 quanta
1095 2464 1156 2524 tibi
1169 2487 1190 2529 ar

131 2575 211 2632 opus
234 2556 275 2615 sit
296 2556 413 2615 ratione
435 2556 619 2614 tabularum:
647 2555 806 2614 exheredes
828 2554 1028 2613 miserabilem
1055 2556 1155 2630 parri-

86 2645 123 2701 15
138 2644 242 2703 eidam.
280 2664 339 2703 non
363 2648 417 2719 est,
442 2645 564 2718 iudices,
588 2643 668 2720 quod
689 2644 802 2720 putetis
824 2643 891 2703 ideo
913 2644 1031 2701 nullum
1054 2644 1156 2704 adiec-

135 2736 201 2792 tum
225 2734 262 2793 ad
286 2733 543 2793 exheredationem
570 2735 686 2792 iuvenis
711 2734 853 2811 elogium,
877 2733 949 2808 quia
977 2732 1013 2791 de
1041 2733 1156 2792 scelere

210 2872 243 2920 10
261 2867 438 2937 flagrantius:
458 2866 643 2936 flagrantibus
661 2877 721 2934 Βνς
744 2866 911 2937 flagrantem
930 2875 963 2919 Β
1032 2871 1065 2918 11
1088 2883 1156 2922 con-

137 2938 268 3008 cipimus:
294 2939 447 3009 excipimus
470 2949 504 3005 J,
530 2956 597 2993 corr.
617 2951 628 2990 ι
702 2945 733 2992 12
757 2937 859 2992 filium:
882 2955 902 2990 u
925 2939 957 2991 c'a
978 2953 1033 2992 rae.
1052 2946 1082 2990 Β

139 3015 171 3063 16
191 3010 324 3064 culleum:
350 3011 478 3065 aculeum
497 3019 536 3077 Β;
560 3009 692 3063 cuellium
711 3012 737 3080 (c
756 3010 806 3064 del.
823 3011 853 3080 s)
867 3018 900 3076 ες
923 3008 968 3062 vel
988 3008 1111 3063 cultrum
1121 3013 1155 3080 (Ι)

136 3156 169 3187 m
226 3103 346 3204 porrigi
364 3145 403 3202 ιη
422 3135 520 3205 porea
542 3143 564 3186 v
632 3141 664 3188 rr
684 3134 780 3188 aarum
801 3144 823 3187 r
892 3138 925 3187 re
943 3135 1047 3187 mnae:
1067 3136 1157 3202 puae

136 3216 166 3272 J,
185 3219 279 3293 coras
348 3212 381 3261 20
400 3206 489 3261 faciat
507 3215 548 3272 M,
567 3206 613 3259 vel
630 3205 717 3260 faciet
734 3222 810 3276 supr.
824 3227 856 3258 m
919 3211 950 3258 21
973 3204 1042 3272 quid
1061 3207 1156 3274 quod:

137 3296 206 3364 quid
228 3297 242 3349 I
266 3297 342 3365 quod
359 3306 387 3350 Β
458 3302 492 3349 24
515 3295 644 3362 ‘stabulae
667 3305 688 3348 Γ
756 3300 789 3348 25
812 3294 917 3349 nescis:
941 3294 1036 3349 nescio
1059 3303 1081 3348 s

137 3384 284 3470 quaidtibi
301 3413 329 3457 Β
400 3409 434 3458 26
445 3409 509 3473 post
526 3402 639 3457 racione
657 3420 759 3457 rasura
773 3407 791 3457 6
808 3403 882 3457 cel?
901 3403 951 3456 litt.
966 3411 995 3456 Β
1064 3403 1158 3459 ratio·

136 3491 186 3528 nes
199 3484 227 3528 Β
275 3475 478 3529 miserabilem:
492 3474 652 3529 mirabilem
667 3484 699 3528 Μ
750 3480 783 3528 27
803 3473 958 3528 adiectum:
975 3473 1162 3532 abiectum!

130 3550 169 3597 28
186 3547 448 3601 exheredationem:
472 3546 684 3602 heredationem
703 3556 735 3600 M
804 3545 947 3617 elorigium
965 3554 993 3598 Β
