2408 3840
390 143 624 199 DECLAMATIO
643 143 681 197 IX
696 149 809 199 16-18.
1040 144 1104 208 183

91 313 191 372 minis.
246 316 281 372 ut
316 313 408 372 Fabio
444 313 574 372 Maximo
610 314 807 372 immortalem
846 312 950 371 attulit
986 313 1104 372 laudem

93 405 212 477 ereptus
235 422 269 461 ex
297 402 426 460 hostium
448 403 585 460 manibus
607 403 758 476 inimicus,
783 405 818 460 ut
841 402 991 460 Tiberium
1015 401 1104 462 Grac-

92 491 181 550 chum
205 491 353 550 admirata
376 491 480 550 civitas
505 493 549 550 θεὴ
570 489 706 567 Scipione
729 492 760 548 in
780 509 923 550 carcerem
948 491 1015 548 duci
1037 511 1104 566 pro-

91 579 198 655 hibito,
220 582 252 638 ὴθ
271 599 387 655 quoque
406 581 510 639 similis
529 576 619 638 animi
640 581 815 658 magnitudo
836 579 994 638 memoriae
1013 579 1103 639 dabit.

68 669 154 728 stuis
179 671 257 726 enim
279 669 383 744 opibus
406 670 482 727 vivit
504 669 649 728 inimicus.
688 668 828 745 quiequid
851 672 896 727 θεὴ
923 668 1003 727 istud
1026 668 1105 743 quod

93 775 184 816 senex
210 758 296 833 inops
319 777 354 816 er
376 760 478 817 nostra
501 757 588 817 domo
612 759 734 834 accipit,
762 759 787 817 si
814 777 874 816 non
896 757 1043 834 irasceris,
1071 760 1105 815 tu

93 847 281 922 praestitisti,
304 847 360 905 tibi
378 848 433 906 hoc
455 847 612 922 pulchrum
630 850 719 922 atque
738 846 928 925 magnificum
946 849 998 904 est.
1035 865 1106 903 nam

94 953 163 1013 ego,
193 935 312 1010 siquid
334 935 364 993 in
391 939 508 1011 patrem
530 938 689 1009 servatoris
712 938 770 995 mei
799 937 930 1009 confero,
957 954 1017 994 non
1041 953 1105 993 sum

94 1024 270 1083 laudandus.
820 1094 821 1098 Ἰ

55 1132 80 1172 ra
162 1112 266 1188 Neque
298 1115 497 1188 expectaveris
525 1113 580 1172 hoc
605 1114 684 1188 loco,
715 1116 814 1188 pater,
847 1115 881 1170 ut
910 1112 963 1170 illa
996 1113 1104 1170 dicam:
1121 1111 1157 1166 18

94 1219 212 1276 semper
236 1202 369 1261 odiorum
391 1203 530 1262 honestus
555 1220 675 1260 occasus
698 1205 755 1276 θεὴ,
780 1204 822 1276 θὴ,
846 1201 916 1259 dum
939 1201 1104 1260 simultates

94 1291 171 1348 nihil
196 1290 277 1348 aliud
298 1291 409 1349 habent
431 1310 521 1367 quam
544 1292 669 1350 nocendi
692 1291 896 1366 cupiditatem,
920 1284 1106 1366 speciosa'in

94 1380 203 1438 melius
227 1382 318 1438 animi
341 1381 467 1439 mutatio
491 1382 536 1438 est
559 1399 625 1438 cum
644 1381 770 1455 exempli
788 1381 907 1453 honore,
929 1381 1105 1454 iunctaeque

95 1486 131 1526 ex
163 1468 267 1527 hostili
297 1488 391 1543 paene
424 1488 566 1528 concursu
592 1469 624 1527 in
652 1469 835 1527 adfinitatem
868 1487 981 1526 manus.
1028 1468 1105 1525 unde

56 1577 80 1618 rs
94 1559 215 1616 tantum
234 1559 339 1616 misero
361 1557 441 1632 boni,
465 1561 499 1615 ut
516 1558 653 1616 inimicus
676 1555 736 1616 sit?
774 1559 873 1633 aspice*
891 1558 995 1632 solum,
1020 1577 1106 1634 egen-

94 1650 170 1720 tem,
195 1665 305 1720 semm,
328 1647 463 1705 omnibus
486 1646 641 1721 praesidiis
665 1647 855 1718 destitutum,
883 1665 979 1705 nonne
1003 1651 1104 1704 contu·

95 1735 218 1803 meliam
240 1737 375 1793 fortunae
398 1738 468 1793 tuae
490 1735 572 1809 facis,
596 1736 621 1794 si
643 1737 722 1794 hunc
742 1736 830 1794 odisti
854 1737 883 1793 et
902 1734 997 1793 adhuc
1018 1738 1105 1811 putas

94 1828 149 1882 tua
172 1824 322 1898 interesse,
344 1844 381 1882 ne
404 1822 508 1883 vivat?
544 1825 627 1883 nulla
645 1825 701 1883 tibi
721 1825 889 1901 contingere
912 1825 1008 1882 maior
1031 1824 1105 1882 ultio

94 1915 197 1988 potest
216 1931 306 1986 quam
328 1914 353 1971 si
375 1915 436 1971 iam
458 1913 528 1972 talis
551 1915 605 1988 est,
627 1916 663 1971 ut
684 1914 765 1972 illius
785 1915 875 1972 etiam
894 1931 947 1971 nos
968 1913 1105 1972 miserea-

56 2022 82 2061 ao
95 2022 171 2060 mur.
217 2020 325 2078 magna
357 2003 521 2061 mehercule
557 2003 618 2060 iam
650 2003 685 2060 de
718 2005 817 2061 vetere
850 2003 965 2059 aemulo
996 2002 1105 2077 poena!

96 2093 233 2165 superest
264 2110 372 2166 panem
403 2093 515 2166 eripere
542 2091 675 2150 mendico
713 2093 743 2148 et
774 2093 965 2168 gravissimae
995 2110 1049 2166 per
1077 2109 1106 2148 se

95 2180 236 2237 fortunae
259 2198 349 2237 manu
367 2180 483 2256 pondus
501 2181 659 2255 imponere.
697 2199 759 2257 age,
784 2183 809 2237 si
826 2179 958 2255 perisset,
982 2178 1108 2237 cadaver

97 2269 262 2330 calcasses?
306 2269 386 2327 ferae
415 2269 595 2327 mehercules
623 2271 823 2346 generosiores
850 2269 979 2343 iacentes
1011 2270 1107 2325 trans-

97 2359 179 2430 eunt,
202 2360 232 2415 et
250 2359 392 2416 reservati
414 2358 513 2417 hostes
531 2357 745 2432 restitutaeque
764 2358 850 2414 urbes
869 2359 983 2414 maiora
1002 2374 1107 2415 causae

58 2467 82 2507 ro
97 2446 233 2520 exempla
256 2447 329 2520 sint,
353 2445 430 2520 quod
454 2448 523 2520 scie,
546 2449 632 2505 victis
656 2447 746 2505 etiam
769 2445 949 2523 gladiatores
972 2446 1106 2519 parcunt.

97 2537 167 2609 post
189 2534 361 2609 orbitatem,
387 2537 456 2610 post
479 2538 640 2612 egestatem
663 2535 735 2610 quid
759 2535 885 2609 amplius
913 2535 1012 2609 potest
1034 2536 1108 2608 pati,

98 2625 157 2682 nisi
180 2623 259 2698 quod
287 2621 391 2699 optat?
437 2624 597 2683 ulteriorne
624 2624 681 2682 tibi
710 2625 810 2698 aliqua
837 2623 912 2681 ultio
939 2623 1108 2698 quaerenda

98 2716 151 2779 est,
175 2715 228 2770 aut
251 2712 364 2787 aliquid
391 2732 490 2771 rerum
515 2717 622 2772 natura
648 2713 732 2788 peius
760 2711 861 2789 capit?
907 2713 972 2787 quis
996 2730 1056 2770 non
1078 2714 1108 2771 ὴθ

97 2803 230 2861 omnium
249 2802 422 2859 mortalium
440 2802 717 2861 inhumanissimum
735 2804 829 2876 putet,
851 2803 877 2861 si
896 2801 951 2860 hoc
969 2800 1108 2859 adversus

171 2959 184 3004 1
205 2953 389 3018 maximamc
479 2960 494 3006 2
514 2953 656 3006 inimicus:
676 2953 815 3006 Minucius
836 2953 883 3007 Gr.
976 2951 1109 3006 dammi-

97 3026 161 3078 rata
184 3033 206 3076 V
281 3024 405 3092 spicione
424 3033 475 3076 BV
552 3024 628 3077 duci:
651 3024 700 3076 diu
722 3034 744 3077 V
823 3023 965 3093 prohibito
984 3026 1025 3077 te:
1045 3039 1108 3091 pro-

97 3095 220 3148 hibitate
242 3103 270 3147 Β
359 3095 541 3164 ἵρτθθεὴίὴὴε
559 3104 587 3148 Β
675 3095 851 3148 8senatoris
873 3107 893 3147 c
978 3094 1035 3148 mei
1058 3111 1107 3148 om.

100 3176 143 3220 VJ
232 3171 265 3218 10
288 3166 367 3220 illam
380 3176 405 3218 J
493 3172 524 3219 11
548 3169 609 3219 tum
628 3188 646 3218 α
665 3169 738 3236 (cum
755 3165 798 3219 vel
818 3165 885 3218 dum
907 3183 982 3235 supr.v
996 3168 1037 3235 m)

99 3243 131 3291 12
157 3253 254 3304 quam:
274 3253 329 3306 quo
348 3248 375 3290 Ρ
464 3244 495 3291 13
515 3239 575 3290 tum
594 3260 611 3289 α
702 3243 735 3290 14
759 3238 816 3290 sint
834 3243 896 3290 aute
914 3253 948 3289 ex
967 3235 1031 3290 add.
1049 3236 1108 3290 Set.

99 3314 133 3362 16
151 3323 256 3362 norme:
275 3325 331 3362 non
350 3318 388 3372 Β;
407 3325 510 3362 numne
529 3318 561 3361 Β
619 3308 909 3382 19quam=quod1²
960 3323 1010 3360 nos
1029 3320 1110 3372 oms

99 3385 132 3432 22
152 3379 248 3433 manui
268 3389 324 3446 clm
342 3380 433 3434 maius
451 3380 512 3435 Obr.
568 3385 601 3431 24
619 3378 696 3432 urbis
710 3389 769 3432 ΒΜ
820 3379 927 3432 maiora
941 3395 1015 3447 supr.
1030 3387 1058 3431 Β

99 3460 478 3520 causacum.n1‚owpr.m;
500 3461 766 3517 causa330ave11
852 3455 885 3502 25
910 3449 967 3502 sint
988 3466 1022 3503 ecc
1044 3452 1110 3503 sunt

99 3530 126 3574 Β
196 3520 402 3592 gladiatoribus
420 3533 450 3589 J,
469 3518 563 3577 corat
635 3527 668 3576 26
688 3524 804 3594 postzp
825 3531 848 3576 Ρ
