2408 3840
118 158 182 222 298
504 156 607 213 Amol
624 157 745 212 VADES

118 329 181 385 sine
205 325 294 384 dubio
322 325 458 384 adiecisti
481 325 520 385 ad
544 324 649 385 matris
672 325 821 399 adfectus,
848 325 950 386 ocules
976 328 1010 384 in
1037 325 1128 385 medie

118 415 246 473 orbitate
268 414 387 489 fudisti,
409 414 462 474 sed
483 415 559 473 illud
581 433 641 473 non
663 415 747 474 laxat
769 418 904 489 cotenu,
921 433 984 474 non
1007 415 1129 492 explicet

118 522 232 579 corpus.
279 503 351 578 quid
377 503 451 563 mihi
478 504 600 578 prodest
626 505 683 563 iste
706 507 759 581 qui
785 522 817 564 se
840 506 918 564 citra
943 503 1044 564 filium
1068 522 1129 564 con·

117 595 257 668 sumpsit,
281 591 435 652 adfectus?
479 592 547 668 plus
571 593 689 653 fecisset
711 595 808 653 mater
831 611 909 669 qnae
930 595 1006 654 isset
1028 593 1067 653 ad
1086 596 1129 670 ty·

116 701 251 740 nannum
290 682 429 760 alligatus
448 701 523 756 sum,
541 685 576 740 tu
593 700 673 740 nunc
689 682 731 742 sic
749 681 843 758 flebis,
861 684 1020 758 tamquam
1037 683 1129 743 solm
1149 699 1158 740 r

116 773 149 829 in
172 771 291 845 lectulo,
314 773 468 846 tamquam
491 773 524 829 in
546 772 607 830 tuis
629 770 766 830 manibus
785 771 926 847 expirem.
963 772 998 829 in
1017 771 1129 847 quibus·

117 860 187 918 dam
206 859 429 920 calamitatibus
448 860 617 935 desperatio
635 879 696 920 non
720 863 765 919 est
788 879 921 920 summus
939 860 1078 936 affectus,
1101 863 1130 919 et

117 950 252 1024 quisquis
275 947 436 1009 orbitatem
462 949 567 1008 statim
594 949 700 1025 credit,
729 950 854 1009 festinat
876 948 917 1008 ad
936 949 1129 1026 inpatientiae

117 1038 314 1097 securitatem.
359 1037 526 1098 dissimules
552 1037 638 1114 licet,
665 1040 773 1115 mater,
800 1039 905 1097 tantae
931 1057 989 1114 pro
1016 1057 1064 1098 me
1088 1041 1128 1097 in-

116 1129 295 1202 patientiae,
322 1129 386 1186 tem
412 1126 594 1187 incredibilis
622 1127 768 1203 adfectus,
797 1128 910 1187 amicus
936 1146 1004 1186 rem
1031 1127 1157 1186 diffidi-10

117 1215 221 1274 liorem
244 1216 325 1290 fecit,
349 1216 428 1291 quod
450 1218 580 1277 servavit
598 1217 698 1276 oculos
716 1234 793 1292 suos,
816 1219 852 1275 ut
869 1216 1056 1294 alligaretur.
1089 1215 1128 1274 dii

117 1304 260 1380 deaequel
286 1308 432 1380 quantum
454 1305 506 1364 ille
528 1305 681 1380 praestitit
704 1308 755 1381 qui
777 1305 852 1364 mihi
873 1305 987 1365 invidit
1009 1323 1128 1382 poenam

115 1412 214 1452 meam
231 1413 285 1453 nec
302 1394 437 1453 recessit!
473 1394 534 1469 ille,
557 1394 609 1452 illc
631 1395 797 1454 terribilem
814 1412 965 1454 carcerem
988 1394 1062 1454 facit
1078 1395 1126 1470 qni

115 1483 184 1541 inde
206 1483 347 1559 procedit.
384 1485 445 1542 iam
463 1503 523 1542 non
542 1484 674 1558 corporis
692 1503 784 1543 nexus
802 1482 955 1558 haerebat,
978 1502 1034 1543 nec
1051 1481 1126 1542 aliud

117 1591 207 1647 quam
228 1572 399 1631 resederant
426 1572 555 1649 pondere
578 1574 713 1647 catenae,
739 1575 908 1648 consumpti
931 1573 1023 1651 longo
1045 1585 1152 1648 sque-o

116 1662 178 1719 lore
191 1661 304 1734 vultus
318 1664 472 1721 concretae
486 1661 622 1721 noctibus
636 1661 799 1738 diebusque
813 1681 902 1738 super
916 1680 971 1722 ora
984 1661 1126 1721 bonnm

80 1747 98 1802 9
184 1751 378 1825 Miseremini,
406 1751 530 1825 iudices,
558 1769 595 1809 ne
621 1749 728 1827 perdat
755 1751 969 1810 auctoritatem
995 1752 1125 1810 meritum

117 1839 196 1915 quod
218 1840 299 1897 ultra
321 1842 556 1916 expectationem
575 1841 627 1900 ost.
663 1840 767 1916 ponite
789 1839 844 1898 sub
863 1840 967 1899 oculos
991 1839 1123 1918 alligatos

117 1948 243 2003 quorum
267 1928 393 1986 alterum
416 1929 528 1987 amicus
549 1929 720 2005 redemerit,
746 1930 876 1988 alterum
898 1931 1007 1988 mator.
1050 1944 1124 2006 rogo,

116 2022 182 2075 uter
204 2019 272 2092 plus
294 2016 418 2077 fecerit?
458 2018 534 2077 bcnc
557 2017 702 2093 Iuppiter,
726 2037 816 2093 quam
838 2017 935 2093 avido,
958 2037 1051 2094 qnam
1071 2017 1150 2076 for-¹·

116 2107 186 2166 titer
208 2106 308 2165 vincla
330 2110 433 2166 nostra
455 2107 613 2166 tractarit!
659 2106 766 2182 quibus
789 2107 841 2165 ille
864 2106 1005 2182 precibus
1026 2105 1123 2184 exegit,

116 2199 150 2254 ut
181 2195 240 2254 sibi
271 2195 450 2255 crederetur!
498 2191 631 2271 ‘accipe’,
664 2198 777 2271 inquit,
811 2191 875 2254 ‘has
908 2214 1030 2272 manus,
1060 2196 1122 2254 hace

116 2285 256 2360 membra,
280 2287 306 2344 si
328 2284 393 2343 fieri
414 2288 522 2362 potest,
545 2288 579 2344 ut
602 2285 731 2344 amioum
753 2284 844 2344 matri
865 2285 1065 2346 remittamus.
1096 2285 1121 2341 in

115 2376 213 2432 totum
236 2374 369 2449 explebo,
392 2376 418 2434 si
436 2374 563 2449 videtur,
585 2375 699 2432 vicaria
721 2392 818 2449 poena
840 2373 941 2433 locum
958 2374 1121 2435 recedentis

116 2463 163 2521 vel
192 2464 217 2521 si
244 2463 290 2522 vis
317 2466 420 2539 utique
447 2464 505 2523 tibi
531 2463 654 2522 dimissa
681 2462 815 2521 membra
840 2463 975 2539 restitui,
1003 2462 1148 2540 sponboe

116 2570 320 2627 quemcunque
346 2552 466 2612 iusseris
494 2554 598 2627 aperto
625 2553 728 2629 iugulo
751 2547 851 2611 diem'
897 2551 989 2611 fidem
1013 2546 1124 2612 deoru!

115 2641 339 2716 hominumque!
377 2642 449 2716 quid
480 2660 540 2700 non
570 2642 685 2700 facturn
715 2643 774 2715 est,
805 2642 841 2698 ut
872 2642 1005 2700 amicum
1036 2658 1126 2701 meum

115 2731 293 2805 paeniteret!
329 2732 479 2809 ingestum
502 2734 547 2790 est
564 2731 671 2790 misero
690 2730 768 2788 illud
786 2731 911 2789 carceris
929 2730 1125 2790 tenebramur·

116 2839 173 2894 que
196 2823 349 2893 secretum,
372 2819 558 2898 gravioribus
581 2819 707 2878 vinculis
731 2837 805 2896 opus
824 2836 886 2878 esse
906 2820 1041 2879 carnifex
1058 2818 1128 2877 dixit

188 3084 201 3130 1
223 3077 339 3132 adieciti
352 3086 390 3144 M,
409 3095 477 3133 corr.
492 3099 524 3131 m
595 3084 704 3132 cnunc
722 3094 773 3132 om.
788 3086 821 3131 Β
889 3081 907 3130 9
925 3076 1080 3133 dissimiles
1095 3085 1129 3139 Β,

115 3165 183 3204 corr.
198 3171 230 3202 m
319 3149 455 3218 impatiae
474 3158 514 3215 Β,
537 3165 605 3205 corr.
619 3170 651 3202 m
741 3153 775 3202 10
793 3147 984 3202 difficiliorem
1002 3165 1037 3204 aa
1054 3147 1130 3202 roffi

116 3256 242 3310 cilionem
258 3265 287 3309 Β
358 3261 390 3308 11
411 3273 481 3325 quos
498 3263 527 3309 Β
588 3262 621 3310 12
641 3236 731 3325 dique
748 3264 777 3311 Β
840 3271 885 3309 me
903 3263 965 3323 BV,
984 3271 1036 3312 om.
1051 3264 1085 3310 Β

115 3327 225 3380 vidite
296 3332 329 3380 13
347 3343 410 3381 neo:
430 3336 533 3382 11an
592 3326 642 3381 ille
659 3327 739 3383 secel
757 3336 790 3381 Β
854 3331 887 3381 11
905 3328 1083 3382 connato!

115 3398 214 3452 diebus
233 3398 453 3468 noctibusques
517 3399 692 3469 18Ξ1111Β
741 3397 830 3453 oculis
848 3406 916 3463 nso
977 3402 1012 3452 19
1033 3396 1132 3453 amicis

114 3469 259 3523 redimerit
275 3479 304 3523 Β
383 3476 415 3524 21
435 3469 573 3524 tractabit
589 3479 642 3523 BV
714 3470 803 3540 exigit
819 3478 873 3523 BV
949 3473 986 3523 tt
1004 3469 1133 3524 videntur

109 3540 323 3598 orticariam
391 3540 455 3598 looo
472 3551 494 3595 v
569 3545 604 3596 11
624 3541 676 3611 eui
694 3550 724 3594 Β
796 3545 831 3595 18
848 3539 1086 3611 tenebrosumque
1105 3549 1135 3596 Ι
