2408 3840
98 116 163 178 392
406 111 597 167 EXGERPTA
615 111 794 166 PARISINA.

97 284 207 355 amisit,
231 281 310 356 dum,
334 300 424 356 quam
446 301 500 356 pro
525 300 559 340 co
581 280 753 356 reliquerat,
775 282 894 358 repetit.
939 281 1017 339 nihil
1037 281 1103 357 agis,

96 371 215 428 mulier:
238 370 356 430 facilius
376 371 429 444 est,
452 373 487 428 ut
505 369 620 429 occidat
638 373 764 446 patrem,
788 389 807 429 a
830 389 891 445 quo
909 368 949 428 sit
965 371 1031 444 ipse
1052 388 1103 429 ser·

98 464 193 518 vatus.
240 461 372 519 omnium
395 459 444 518 hic
463 478 537 535 quos
555 461 676 518 miseros
700 459 795 518 fecere
815 461 953 533 virtutes,
974 458 1105 518 innocen·

96 551 228 607 tissimus
246 548 440 623 parricidium
463 550 585 624 negavit
607 550 676 608 ante
698 566 789 624 quam
811 549 899 623 pater
921 543 1103 607 occideretur.

96 639 144 696 fac
175 640 276 695 tamen
308 636 392 695 velle.
447 636 591 712 numquid
622 637 699 695 illud
733 638 873 715 elegisset
903 639 1021 712 tempus
1052 654 1134 712 quos

96 745 155 784 non
174 727 233 784 nisi
256 744 323 784 cum
344 745 471 784 noverca
491 728 638 801 reperitur
656 724 762 801 pater?
807 725 890 784 istud
912 727 1005 785 ctiam
1027 724 1105 783 dono.

98 835 157 890 quo
187 819 287 873 autem
319 815 405 873 modo
439 832 493 890 per
523 817 570 873 tot
586 812 703 874 'domos
737 815 891 874 inauditus
921 816 1105 890 pervenisset.

96 906 134 962 N.
158 904 219 964 iam
248 907 319 962 tunc
346 904 405 962 iter
433 904 627 963 consueverat
672 903 703 978 Q.
727 905 799 962 esto.
845 905 932 978 atqui
959 923 1018 962 non
1044 921 1106 976 uno,

97 1013 155 1053 non
179 992 292 1051 duobus
315 991 423 1051 ictibus
447 1011 535 1068 super
552 993 692 1068 pulvinar
713 992 844 1070 iugulari
866 994 996 1067 poterat.
1041 991 1105 1068 quid

98 1079 229 1140 dormis?
268 1082 307 1142 N.
331 1100 434 1141 secura
458 1099 546 1140 eram.
590 1081 621 1156 Q.
645 1080 738 1156 qnid?
761 1081 839 1156 quod
860 1099 967 1141 manus
986 1101 1045 1140 non
1066 1097 1134 1138 ero

97 1172 189 1244 ravit,
216 1189 276 1229 non
298 1172 330 1227 in
353 1173 383 1229 te
406 1169 525 1244 cecidit,
555 1170 606 1230 sed
628 1171 725 1246 ipsam
755 1172 817 1229 eius
840 1172 947 1229 statim
968 1169 1107 1246 percussit

97 1256 248 1335 animam?
285 1277 381 1318 nonne
401 1261 492 1317 etiam
509 1257 693 1336 palpitavit?
728 1278 825 1318 nonne
845 1260 1003 1335 plancium
1021 1256 1106 1318 fecit?

98 1346 170 1421 quid
184 1345 316 1406 dormis?
348 1348 387 1408 N.
403 1350 493 1407 semel
506 1350 662 1423 peractum
677 1352 729 1407 est.
768 1348 799 1422 Q.
815 1346 985 1423 quomodo?
1017 1366 1107 1408 nonne

98 1436 278 1494 extrinsecus
308 1438 454 1496 tumultus
485 1435 648 1496 excitavit?
694 1439 729 1496 tu
758 1439 842 1497 iuxta
877 1437 950 1512 quid
983 1434 1107 1497 dormis?

96 1526 135 1582 N.
156 1525 303 1598 quomodo
323 1529 423 1584 actum
446 1526 494 1600 sit,
513 1545 531 1584 a
548 1525 662 1602 pariete
681 1546 790 1602 quaere
846 1526 877 1601 Q.
898 1526 998 1602 quivis
1021 1528 1108 1605 igion
1117 1541 1134 1582 u

95 1615 241 1688 parietem
271 1615 386 1689 palmet
416 1615 564 1690 tertioque
589 1634 650 1674 non
680 1617 804 1693 tinguet
846 1615 899 1674 sed
924 1619 955 1675 et
987 1615 1108 1692 vestigia

97 1703 177 1760 caeci
207 1704 237 1761 ct
259 1704 392 1762 mulieris
419 1723 479 1763 non
509 1703 706 1763 conveniunt.
736 1705 775 1763 N.
799 1702 893 1780 quid?
921 1705 1003 1779 quod
1024 1707 1057 1763 in
1076 1704 1107 1760 li-

96 1792 175 1850 mine
202 1795 337 1866 repertus
365 1791 429 1852 est?
476 1793 507 1868 Q.
531 1793 607 1852 facie
629 1792 750 1868 quidem
773 1793 812 1851 ad
837 1794 995 1870 planctum
1021 1809 1105 1853 versa

96 1883 135 1941 N.
158 1900 219 1939 non
241 1882 332 1942 habes
356 1882 434 1956 quod
456 1900 510 1957 pro
538 1900 605 1940 ense
629 1882 718 1941 dieas.
765 1881 796 1956 Q.
820 1881 938 1940 abunde
963 1884 1021 1942 scis
1043 1880 1105 1957 quid

95 1973 226 2046 primum
248 1989 355 2030 nocens
379 1969 491 2029 abicit?
536 1970 613 2029 illud
635 1970 713 2029 unde
736 1970 850 2030 facinus
873 1972 1000 2049 peregit.
1047 1984 1132 2029 con-n

97 2064 180 2136 gesta
204 2062 282 2134 sunt,
305 2059 337 2118 P.
357 2058 397 2134 0.,
420 2061 452 2118 in
475 2062 614 2120 miseram
637 2059 811 2119 caecitatem
833 2077 993 2135 venenum,
1019 2078 1105 2130 cruor,

96 2151 209 2206 ferrum
244 2151 274 2207 et
308 2148 453 2224 quidquid
491 2167 551 2206 non
584 2151 683 2223 potest
717 2167 779 2208 esse
812 2148 1023 2226 neglegentiae
1056 2150 1106 2207 nisi

97 2237 263 2296 nescientis.
317 2237 402 2297 vobis
434 2239 535 2296 autem
566 2237 671 2296 notum
707 2240 764 2297 cst:
795 2256 855 2295 non
889 2237 981 2297 debet
1012 2256 1106 2298 caecus

97 2326 263 2402 suspicione
293 2329 392 2404 argui,
408 2325 473 2385 ¹sed
501 2326 687 2402 deprehendi.
733 2330 764 2386 te
792 2327 865 2386 vero
894 2345 986 2403 super
1016 2328 1107 2386 omnia

96 2419 307 2474 testamentum
331 2416 438 2493 arguit.
1116 2427 1132 2470 s

169 2601 348 2669 lreliquerit
366 2613 394 2656 Β
467 2601 629 2677 lfatcilius
647 2612 676 2656 Β
745 2603 806 2672 ipse
825 2619 874 2657 om.
893 2612 922 2656 Β
997 2609 1107 2656 lucca

97 2725 137 2777 vit
155 2733 183 2777 Β
254 2689 439 2779 occiditurss
505 2726 770 2781 7m0d0:don01’
835 2726 984 2781 inauditus
998 2745 1072 2796 supr.
1087 2734 1111 2778 Β

96 2798 198 2848 8tunc
218 2814 268 2850 om.
289 2806 316 2849 P
389 2798 443 2850 iter
461 2815 512 2853 om.
532 2808 560 2852 Β
642 2800 789 2852 consuerat
810 2806 856 2850 VB
930 2815 990 2852 uno
1008 2799 1067 2852 ictu
1085 2806 1110 2850 Β

98 2872 130 2919 10
150 2874 214 2935 post
237 2867 341 2921 dormis
364 2869 421 2922 odd
453 2869 587 2923 semel-
603 2886 695 2924 nonne
718 2879 756 2936 ¹⁸3
780 2867 865 2922 semel
882 2900 914 2908 —
930 2869 1069 2923 excitavit
1085 2877 1110 2921 Β

99 2956 119 2991 o.
136 2939 152 2990 l.
170 2942 204 2992 13
286 2940 438 3008 quodquod
460 2949 534 2994 ww
606 2947 638 2994 11
658 2940 830 3010 percocussit
847 2948 876 2992 Β
963 2946 997 2995 12
1016 2939 1109 3009 planc-

95 3012 155 3061 tum
173 3018 229 3063 ΒΒ
301 3009 381 3064 fecit:
401 3011 500 3064 citavit
517 3020 591 3064 m
663 3018 695 3064 13
715 3009 976 3080 qnid—excitavit
993 3028 1044 3066 om.
1067 3019 1109 3062 m

95 3083 128 3147 (o.
145 3082 161 3132 l.
179 3083 223 3148 10)
237 3089 266 3133 Β
334 3081 454 3151 {semel
472 3084 501 3151 (2
517 3083 568 3136 litt.
583 3085 630 3153 er.)
645 3093 672 3137 Ρ
744 3088 776 3136 15
795 3097 900 3151 quaere
919 3099 937 3136 a
956 3082 1067 3151 pariete
1085 3090 1109 3133 Β

96 3157 128 3203 16
148 3152 232 3204 tertio
250 3160 303 3204 BV
377 3154 417 3206 et:
438 3169 470 3206 ac
488 3161 541 3205 BV
618 3154 886 3224 17quodsupr.1³
965 3154 997 3207 in
1015 3153 1109 3208 limine

95 3221 218 3276 cubiculi
237 3223 281 3276 eui
296 3233 323 3277 Β
397 3229 429 3277 19
449 3224 518 3294 quid
532 3241 582 3294 pro
601 3226 631 3278 in
650 3241 680 3279 se
698 3235 728 3294 1⁷3
747 3224 816 3293 quid
835 3239 865 3277 sc
878 3232 907 3276 Β
979 3225 1109 3279 habunde

94 3339 122 3399 ις·
141 3295 279 3387 aarum
299 3341 327 3388 n
434 3337 471 3386 a
485 3330 521 3386 r.
535 3330 566 3386 c.
584 3347 636 3386 ea.
655 3341 683 3384 ιι
784 3316 1030 3397 cessasionem
1053 3341 1073 3384 r

79 3411 116 3460 25
137 3408 251 3482 arguit:
274 3406 425 3468 convincit
447 3416 476 3460 Β
