2408 3840
336 137 570 194 1111111111
589 138 653 192 Vffl
668 145 779 194 11-11.
1003 141 1066 207 165

55 309 175 366 tantum
206 307 359 385 languoris
393 308 539 367 medicum
572 310 720 382 quaesisse
757 307 882 367 causas?
920 311 1068 384 quaesivit
1165 298 1167 303 ¹

55 396 200 473 quioquid
222 397 373 456 nesciebat
395 399 426 456 et
447 415 517 455 usus
541 399 693 456 occasione
720 399 872 457 rarissima
894 400 925 455 in
951 418 1068 458 omnem

54 486 154 544 voluit
171 485 312 562 proficere
330 488 502 544 novitatem.
540 485 583 543 dii
600 487 782 561 inmortaleS‚
802 490 947 561 quantum
964 489 1068 547 infelix

53 576 172 633 iuvenis
201 576 330 648 animae,
358 578 503 651 quantum
532 577 697 652 sanguinis,
728 579 872 650 quantum
899 576 1006 635 habuit
1033 597 1067 636 ex

32 665 120 723 avita
153 665 207 739 qui
237 664 362 738 pertulit
394 664 526 722 ordinem
559 665 749 740 longissimae
786 663 967 725 curationis?
1017 669 1067 725 vix

57 770 144 830 aegre
177 754 285 811 misero
313 753 399 813 licuit
426 755 515 826 mori,
547 755 597 811 vix
624 772 642 810 a
670 754 847 812 cruciatibus
878 753 937 813 suis
968 758 1067 813 anima

56 841 182 900 dimissa
201 845 253 901 est.
289 844 444 901 inventum
466 844 580 918 putatis
599 861 661 901 esse
683 841 878 920 languorem?
913 845 1068 902 inventum

55 933 101 990 est
123 930 212 988 illum
234 933 366 1007 potuisse
389 932 497 991 sanari.
543 931 670 1008 agedum
693 928 857 991 commento
880 935 946 1007 1111,
971 951 1067 1007 senex,

56 1019 201 1095 superbus
220 1020 328 1095 11111111,
347 1021 437 1079 habes
457 1019 536 1095 quod
554 1020 664 1094 liberis,
689 1021 767 1095 quod
784 1021 967 1096 parentibus,
989 1022 1068 1097 quod

18 1127 44 1168 ro
55 1109 197 1184 inputare
216 1110 333 1168 saeculo
346 1111 451 1185 possis,
465 1109 562 1167 fecisti
580 1109 727 1167 medicum
739 1110 888 1184 parricida
906 1111 1066 1169 meliorem.

55 1196 132 1256 libet
159 1198 341 1257 mehercules
367 1199 478 1257 intueri
504 1217 561 1272 par
589 1198 672 1255 illud.
723 1217 845 1276 aegrum
877 1199 984 1257 videtis
1016 1201 1067 1258 ho-

55 1285 169 1344 minem
192 1287 311 1361 qualem
337 1306 397 1345 non
419 1288 564 1345 salutares
587 1287 769 1345 medentium
792 1307 909 1362 manus,
938 1307 997 1346 non
1021 1308 1067 1348 ars

55 1375 181 1433 inventa
207 1394 261 1450 pro
284 1377 361 1450 vita,
389 1375 439 1434 sed
467 1375 526 1433 diri
552 1377 683 1434 ferarum
714 1376 868 1451 rabidique
896 1395 1010 1436 morsus
1038 1381 1069 1436 et

56 1463 234 1522 animalium
260 1465 353 1524 fames
382 1466 491 1524 satiata
520 1464 671 1539 destitit,
700 1465 769 1523 hinc
796 1466 890 1523 alium
916 1468 948 1523 in
976 1485 1067 1526 novas

20 1571 44 1612 11
56 1554 136 1612 vires
169 1571 326 1629 recensque
354 1554 445 1612 robur
475 1553 591 1612 reddito
619 1556 721 1631 vigore
753 1558 930 1631 surgentem.
976 1557 1050 1614 vult'

56 1644 141 1715 scire,
164 1642 286 1717 iudices
308 1643 386 1701 unde
408 1642 523 1702 venerit
545 1644 631 1701 tanta
655 1641 833 1702 diversitas?
872 1644 960 1701 illum
981 1648 1068 1720 pater

56 1733 188 1805 curavit,
216 1732 294 1790 hunc
321 1734 424 1790 mater.
472 1726 650 1807 ‘quantum’‚
677 1733 789 1806 inquit,
813 1726 933 1791 ‘misera
957 1734 1068 1809 pertuli

55 1819 203 1893 laborem,
231 1820 301 1879 dum
327 1823 391 1879 tam
418 1839 557 1898 magnam
586 1821 670 1879 foveo
700 1819 877 1879 tristitiam?
923 1841 982 1880 non
1010 1822 1068 1881 fuit

55 1909 132 1967 mihi
159 1911 224 1968 rixa
256 1928 322 1968 cum
349 1910 459 1968 morbis
486 1928 539 1968 nec
566 1927 633 1967 cum
664 1909 858 1987 repugnantis
887 1912 1067 1970 valetudinis

17 2017 43 2056 so
54 1999 156 2075 rigore
179 2001 338 2058 contentio.
374 2002 456 2058 totus
473 2000 505 2056 in
526 1999 664 2058 lacrimas
682 2017 903 2074 maeroremque
921 2002 1068 2060 resolutus

56 2087 164 2145 oderat
185 2087 290 2162 lucem,
308 2087 467 2164 respuebat
485 2086 573 2162 cibos,
596 2088 770 2146 fastidiebat
786 2090 911 2148 haustus
926 2092 956 2147 et
973 2091 1069 2148 vitam

55 2175 213 2252 parricidii
235 2176 346 2252 pudore
371 2177 514 2254 fugiebat.
559 2179 591 2235 in
615 2177 695 2235 omni
722 2177 954 2252 proclamatione
977 2178 1068 2255 gemi-

54 2267 151 2341 tuque
173 2265 279 2340 frater,
302 2266 353 2324 ille
372 2265 474 2324 diebus
493 2283 528 2324 ao
553 2266 689 2326 noctibus
713 2267 915 2342 cogitationes,
937 2267 989 2324 ille
1008 2273 1068 2324 tor·

56 2354 171 2429 quebat
189 2350 307 2413 oculos'
345 2355 506 2430 dequibus
528 2356 563 2412 tu
587 2357 683 2432 aegris
704 2356 903 2429 impotissima
920 2356 1068 2414 medicina

17 2443 187 2502 romentita
208 2441 259 2502 es?
303 2462 364 2503 non
390 2445 462 2518 fuit,
490 2462 550 2502 non
577 2445 636 2502 fuit
659 2445 721 2504 solo
749 2445 892 2520 languore
919 2446 1068 2519 periturus

56 2550 147 2606 quem
170 2550 229 2590 non
252 2534 352 2607 potuit
374 2552 428 2592 nec
446 2551 525 2592 mors
539 2528 650 2592 'fratris
670 2533 809 2591 occidere.
848 2526 932 2607 ‘quid
954 2528 1069 2609 igitur'‚

55 2621 159 2694 inquit
180 2622 347 2680 miserrime
369 2623 555 2694 feminarum,
579 2615 760 2682 ‘saevissime
780 2641 875 2695 senex,
899 2641 933 2680 ex
951 2623 1007 2680 hac
1024 2641 1069 2680 re·

57 2709 231 2768 cordatione
257 2712 446 2770 tristissimae
473 2711 611 2769 orbitatis
635 2711 673 2770 ad
699 2712 753 2770 hos
776 2712 877 2770 vultus
905 2712 1069 2786 faciemque

56 2797 260 2858 converteris?
296 2801 359 2858 sine
381 2799 471 2858 dubio
494 2799 572 2858 filius
596 2802 641 2859 est
664 2802 784 2876 etpost
807 2802 997 2878 gravissimas
1020 2800 1069 2858 de-

17 2908 43 2948 so
56 2888 262 2948 nuntiationes
284 2889 417 2948 redditus
440 2884 541 2947 vitae'

125 2975 185 3035 Sed
210 2977 347 3055 ignoscat
373 2981 494 3051 natura,
521 2980 631 3052 pietas,
658 2998 718 3037 non
742 2980 786 3038 est
809 2979 952 3038 solacium
980 2976 1122 3037 11111122

128 3204 145 3254 5
169 3199 334 3253 curationis:
354 3199 469 3253 -ationi-
487 3203 519 3254 11
536 3218 590 3255 ras.
606 3209 634 3253 B
721 3207 736 3254 6
761 3203 831 3256 suis:
851 3202 906 3254 -ui-
925 3204 957 3256 11
974 3218 1029 3255 ras.
1044 3210 1072 3254 fl

55 3269 273 3341 esuperexulta
291 3279 350 3323 ΒΜ
423 3271 511 3338 quod:
531 3272 580 3341 qui
598 3281 626 3324 Ρ
698 3273 825 3327 libris?
904 3278 936 3325 11
960 3274 1070 3341 partem

55 3341 125 3396 illuc
147 3351 169 3394 V
247 3346 279 3394 18
301 3341 451 3411 rapidique
468 3352 493 3396 J
572 3348 604 3396 11
628 3345 752 3415 pertuli}
769 3354 797 3398 B
876 3349 1071 3413 191111111-

55 3447 93 3503 tis
113 3458 142 3502 P
212 3447 377 3502 valitudinis
400 3458 422 3501 V
508 3432 724 3518 1111111111,
794 3450 1031 3519 13111111111111
1048 3460 1073 3504 J

57 3525 92 3573 24
109 3519 347 3590 impotentissime
366 3532 387 3573 o
