2408 3840
133 162 174 224 78
494 159 783 216 MATHEMATIOVS

131 331 296 406 expectem,
327 332 363 388 ut
388 331 491 405 putres
523 331 605 388 artus
631 329 732 389 foedet
761 328 902 405 pudenda
933 328 1077 389 canities?
1112 332 1148 388 ut

131 420 277 496 sanguine
289 419 423 478 membra
440 421 569 477 vacuata
586 420 637 476 vix
654 421 791 477 nitantur
808 418 848 476 ad
863 416 1000 496 gressus?
1018 421 1053 476 ut
1070 419 1147 478 haec

132 507 272 568 laudatae
298 525 405 567 munus
437 525 492 566 nec
514 507 553 565 ad
580 508 749 567 cotidianae
770 508 852 566 ritae
874 508 1041 566 ministeria
1063 507 1146 566 suffi-

133 594 233 656 ciant?
270 616 359 672 quam
381 599 531 671 misemm,
554 615 645 671 quem
664 596 794 656 deforme
813 599 859 656 est
876 596 1046 656 meminisse
1065 596 1146 672 quod

131 685 236 760 suerio,
263 686 373 745 referre
400 686 572 744 cicatricum
598 687 720 744 tuarum
745 685 975 745 redundationes
1002 687 1034 745 et
1059 686 1145 764 frigi-
1171 704 1183 745 a

132 774 202 832 dam
229 775 459 850 praeteritorum
485 774 672 833 memoriam!
704 793 772 833 cum
803 776 865 833 iam
892 774 980 834 fidem
1011 774 1146 834 membre

132 883 191 923 non
217 863 361 939 habeant,
388 856 479 939 supra
501 881 556 922 sua
582 863 664 922 facte
689 862 796 922 rideri!
841 863 983 922 festinato
1006 865 1086 922 exire
1110 863 1146 922 de

132 953 249 1012 saeculo
268 953 368 1029 debeo,
386 952 458 1011 dum
476 952 574 1012 alacre
592 970 707 1028 corpus,
729 951 800 1011 dum
818 953 941 1028 spiritns
959 952 1052 1030 viget,
1074 952 1146 1011 dum

132 1044 243 1115 teneor,
270 1042 341 1100 dum
363 1041 521 1100 desideror.
562 1043 593 1100 et
614 1041 670 1100 hoc
688 1042 757 1100 volo
780 1040 880 1101 deberi
901 1043 1039 1101 manibus
1061 1044 1145 1117 meis,

132 1132 233 1189 animo
261 1150 335 1189 meo.
380 1131 479 1189 favete
506 1130 550 1188 dii
576 1131 689 1206 pariter
716 1132 807 1206 atque
838 1131 986 1190 hominess
1017 1132 1145 1190 mortem
1158 1149 1183 1191 m

132 1222 179 1278 vir
208 1220 294 1278 fortis
323 1219 432 1278 inveni
478 1221 523 1278 est
551 1219 625 1278 haec
651 1220 815 1278 communis
843 1220 919 1278 mihi
946 1238 1014 1279 eum
1040 1219 1145 1279 multis

133 1309 259 1367 fortasse
282 1326 381 1383 causa,
403 1306 454 1367 sed
476 1309 631 1368 veniamus
654 1307 692 1366 ad
714 1327 819 1367 meam,

80 1395 118 1451 12
200 1396 233 1456 Si
250 1398 325 1455 mihi
343 1396 571 1456 mathematicus
590 1397 794 1457 denuntiasset
812 1396 920 1457 damna
935 1397 1146 1471 membrorum,

133 1504 254 1563 gravem
273 1487 403 1561 corporis
421 1488 655 1562 perpetuumque
673 1487 856 1564 languorem,
873 1488 1040 1564 ignosceres
1057 1488 1146 1545 tauta

132 1576 214 1633 mela
237 1576 286 1634 vel
309 1575 424 1634 incerte
448 1574 583 1653 fisgienti.
620 1576 687 1650 plus
708 1575 852 1650 estquod
870 1593 1042 1650 expavesco,
1064 1575 1184 1650 quodie

132 1665 232 1722 timeo.
278 1663 409 1723 minatus
431 1666 478 1723 est
499 1664 574 1722 mihi
595 1683 702 1723 manus
724 1682 806 1723 meas
828 1682 911 1723 meus
939 1664 1057 1723 animus
1078 1665 1146 1722 nul-

132 1753 254 1828 lumque
276 1753 373 1812 voluit
399 1771 462 1811 esse
489 1755 672 1812 momentum
695 1771 754 1828 quo
776 1771 895 1812 securus
919 1753 1146 1828 intrepidusque

133 1843 353 1917 requiescerem.
398 1842 495 1901 iussus
523 1860 589 1901 sum
610 1842 706 1900 vitam
732 1861 786 1917 per
813 1842 961 1901 anhelitus
988 1843 1146 1918 metusque

133 1949 311 1991 consumere.
357 1931 425 2006 quis
450 1931 530 1989 inter
558 1931 632 1991 haee
657 1931 734 2007 spei,
762 1931 828 2005 quis
858 1931 1071 1990 consolationis
1101 1935 1147 1990 est

132 2018 236 2079 loeus?
286 2021 363 2080 mori
395 2019 487 2079 debeo
518 2022 673 2095 tamquam
704 2030 826 2094 nocens,
858 2022 884 2078 si
914 2020 1184 2080 mathematicus»

133 2128 237 2169 verum
255 2108 339 2184 dixit,
361 2112 516 2184 tamquam
538 2109 635 2183 miser,
659 2111 685 2168 si
703 2111 845 2168 mentitus
864 2111 916 2168 est
959 2108 1041 2184 quid,
1064 2108 1147 2184 quod

132 2219 180 2258 me
202 2199 337 2257 futurum
359 2199 434 2257 dixit
455 2195 656 2274 parricidam?
693 2217 738 2272 en,
761 2217 850 2272 quem
872 2198 1028 2257 mittamus
1046 2198 1080 2255 in
1098 2217 1145 2258 ex·

133 2284 354 2364 perimentum?
377 2289 425 2348 cui
443 2285 616 2347 credamus?
651 2287 752 2361 placet
773 2289 843 2362 post
864 2287 1034 2345 futurorum
1051 2288 1146 2345 incer-

133 2379 197 2436 tum
214 2379 345 2436 tractare
365 2378 518 2436 rationem.
556 2378 609 2451 qui
626 2376 666 2434 ad
684 2376 816 2435 diversas
833 2375 1040 2451 persuasiones
1058 2378 1091 2435 et
1109 2375 1146 2434 ad

132 2466 343 2541 loquacissima
365 2466 562 2524 humanorum
584 2468 738 2541 pectorum
755 2465 875 2543 ingenia
892 2462 1041 2524 varians?
1076 2480 1181 2540 par-rs

132 2554 271 2614 1icidium
294 2554 391 2613 dictus
413 2573 479 2613 sum
501 2555 647 2613 facturus:
675 2555 700 2614 si
721 2572 844 2631 possum
865 2555 934 2629 post
956 2554 1012 2612 hoc
1035 2554 1145 2628 vivere,

133 2662 193 2702 nou
224 2663 290 2703 sum
320 2643 473 2717 innocens,
501 2643 618 2702 etiamsi
645 2661 704 2702 non
731 2644 835 2703 fecero.
872 2643 1057 2721 interrogare
1085 2662 1145 2702 me·

133 2732 267 2792 hercules
298 2732 354 2791 hoo
387 2732 462 2791 libet
492 2751 558 2806 vos,
597 2750 697 2792 omncs
728 2731 828 2806 liberi,
860 2749 960 2791 omnes
991 2735 1144 2808 parentes:

135 2842 223 2896 quem
244 2822 319 2879 mihi
340 2824 410 2896 post
431 2822 508 2880 hanc
530 2820 784 2880 denuntiationem
807 2819 967 2898 adsignatis
990 2818 1145 2880 animum?

205 2974 441 3043 23vacuatafl
509 2971 659 3026 utzrelfl
727 2971 1144 3042 haecfl(cdel.e):he}1’;

133 3043 188 3097 hae
206 3045 285 3099 ceteri
334 3032 563 3127 3cotidiane[11
610 3042 722 3112 4quod
735 3042 923 3107 meminisses
973 3048 1007 3097 13
1026 3043 1143 3096 damnat

134 3115 230 3169 danna
247 3124 279 3169 Μ
349 3114 865 3185 15fugient12iolterumioras.ss
935 3118 969 3167 16
986 3129 1065 3168 meos
1084 3114 1144 3168 ani·

133 3203 193 3240 mos
212 3199 240 3254 s,
259 3185 306 3241 sed
323 3188 565 3256 conserp.68,11
639 3191 672 3239 18
691 3184 1058 3252 anhelatus33hanelita1s
1077 3198 1093 3250 ρ

135 3298 167 3348 19
187 3275 250 3362 quis
268 3294 342 3348 inter
358 3303 387 3347 Β
445 3292 624 3347 cosolationis
648 3302 669 3344 V
725 3299 758 3346 22
778 3308 812 3347 cn
831 3308 926 3362 quem:
946 3306 1063 3359 ecquem
1081 3301 1148 3357 Ιρσ

133 3406 167 3455 24
187 3400 324 3455 diverssae
341 3410 365 3453 V
404 3401 546 3455 suasiones
566 3412 587 3453 o
628 3404 662 3453 26
681 3400 745 3468 post
758 3397 828 3454 haec
841 3411 880 3463 γα
921 3378 1112 3454 aedoeon

132 3470 291 3526 mehercule
309 3481 354 3537 Me
444 3477 477 3526 28
499 3472 565 3525 hoe:
587 3471 674 3525 hice
742 3470 804 3525 loco
822 3475 887 3540 poet
908 3469 961 3524 hoc
983 3470 1049 3525 odd.
1064 3470 1145 3527 Dee

114 3559 149 3609 p.
167 3548 212 3597 87
280 3549 317 3598 29
336 3543 572 3618 denuntiatione}
588 3544 612 3615 (s
630 3545 677 3613 er.)
696 3552 723 3595 B
