2406 3832
142 151 207 216 372
421 148 613 205 axonam
631 147 874 204 moriennam.

137 322 255 379 tenetur
273 319 384 395 infelix,
408 338 445 377 ne
463 320 573 379 veniat.
609 320 735 378 maritus
753 319 796 377 sic
813 317 909 376 filium
926 319 1063 393 inclusit,
1086 321 1163 378 tam-

139 429 229 485 quam
252 428 281 467 se
304 410 467 484 inquietari
489 411 586 466 mater
607 409 667 466 ista
685 410 864 483 quereretur.
909 408 1014 484 igitur,
1038 407 1163 482 iudices,

137 517 223 557 nemo
247 499 384 572 miretur,
414 497 496 557 siad
518 500 582 556 tam
605 496 765 570 crudelem,
789 496 827 554 ad
849 499 914 555 tam
935 497 1087 555 immitem
1110 516 1164 574 pa-

137 590 214 647 trem
236 588 342 646 umbra
364 606 425 646 non
447 588 537 646 venit.
578 585 699 660 sciebat,
722 584 775 644 ubi
791 589 892 661 posset
912 586 1050 644 invenire
1074 587 1165 646 lacri-

137 694 210 751 mas,
233 676 285 734 ubi
307 680 407 752 posset
428 677 562 735 invenire
588 675 743 752 singultus,
768 693 786 732 a
810 694 868 750 quo
891 676 987 752 magis
1012 675 1164 734 desidera·
1190 694 1201 733 a

131 769 227 825 retur.
272 785 343 824 nam
371 766 424 824 isti
452 764 581 824 ferreum
610 767 655 823 est
683 766 786 839 pectus
814 767 844 822 et
871 763 946 821 dura
975 765 1165 840 praecordia,

140 873 193 913 nec
216 857 286 914 sunt
308 854 344 913 de
368 854 496 914 orbitate
523 872 633 913 sensus.
680 852 751 927 quid
775 854 854 911 enim
880 852 1043 912 immanius
1066 857 1163 930 patre.

137 944 253 1004 inridet
271 945 370 1018 matri,
393 963 430 1002 ne
448 943 510 1001 lilio
528 943 685 1016 frueretur,
708 960 761 1000 nec
779 941 846 1000 ideo
865 942 944 1017 fecit,
968 944 1042 1018 quia
1060 942 1164 1002 ridere

139 1035 202 1110 ipse
226 1032 364 1091 malebat.
406 1051 466 1091 non
488 1034 568 1108 patri
590 1033 685 1110 igitur
703 1031 867 1106 apparebat
888 1032 920 1089 in
943 1049 1049 1090 somno
1072 1032 1164 1108 filius,

140 1142 158 1182 a
182 1142 240 1198 quo
264 1122 375 1181 solacia
398 1140 493 1196 pauca
515 1121 602 1179 vivus
625 1139 684 1179 non
710 1121 869 1195 habuerat,
894 1119 945 1180 sed
968 1121 1164 1181 severitatem
1178 1139 1200 1180 a

139 1214 169 1269 et
201 1210 408 1270 crudelitatem
439 1211 575 1286 expertus
607 1212 679 1269 erat.
729 1211 820 1268 matri
851 1211 951 1268 autem
982 1210 1101 1270 sinibus
1135 1215 1165 1269 et

140 1300 280 1376 alloquiis
298 1319 329 1359 se
347 1298 523 1358 infundebat
539 1317 654 1359 memor
671 1298 885 1357 blanditiarum
903 1300 1008 1358 matris
1029 1317 1164 1375 comper-

138 1391 240 1447 tarum
257 1390 289 1446 in
307 1390 379 1448 vita.
416 1390 478 1447 iam
495 1390 625 1447 maerori
647 1388 729 1448 locus
746 1406 805 1446 non
826 1389 897 1446 erat.
937 1388 1048 1446 mulier
1064 1388 1164 1447 filium

139 1481 226 1537 nocte
249 1476 379 1552 videbat,
403 1477 450 1537 die
474 1478 613 1554 sperabat
633 1480 664 1535 et
686 1479 719 1535 in
741 1495 793 1552 spe
815 1496 884 1536 mor
906 1479 1027 1535 venturi
1049 1477 1163 1538 reficia-

138 1567 237 1625 batur.
278 1568 399 1641 misera,
422 1568 484 1624 iam
506 1565 623 1642 perdidi
645 1565 795 1625 solacium.
829 1567 892 1624 iam
914 1584 1072 1640 coeperam
1097 1585 1164 1626 cum
1177 1583 1197 1623 rs

140 1659 303 1732 apparente
316 1656 552 1730 iuvene,ma1ite
565 1655 700 1729 crudelis,
715 1674 802 1733 agere
816 1657 900 1714 tuam
914 1673 1036 1713 causam
1049 1657 1163 1732 ipsum-

140 1764 199 1821 que
216 1763 400 1822 rogaveram,
421 1746 456 1802 ut
473 1746 607 1819 paternis
625 1745 718 1804 oculis
736 1745 833 1804 laetus
856 1746 1024 1821 appareret,
1048 1748 1080 1803 et
1098 1745 1164 1818 tibi,

139 1833 265 1910 ingrate,
284 1833 409 1891 dimidia
426 1835 512 1892 noete
533 1833 680 1893 cedebam.
720 1833 783 1892 iam
800 1834 889 1892 miser
912 1835 942 1892 et
963 1833 1016 1891 ille
1040 1835 1164 1909 pollice·

140 1923 237 1981 batur.
278 1923 351 1981 haec
373 1921 482 1980 fiducia
504 1923 584 1997 fecit,
607 1924 641 1980 ut
664 1921 825 1982 confiterer.
868 1941 935 2000 ege,
959 1923 1111 1997 siquidem
1133 1923 1164 1981 in

141 2012 188 2070 die
212 2013 292 2087 orba,
315 2013 388 2070 totis
410 2011 546 2071 noctibus
564 2014 661 2070 mater
679 2031 768 2085 eram,
791 2011 937 2086 videbam,
960 2011 1093 2071 fruebar.
1131 2015 1165 2070 tu
1178 2028 1200 2067 ac

142 2104 242 2160 autem
272 2101 395 2160 affectus
421 2102 541 2175 paterni
570 2119 672 2176 expers
701 2100 798 2159 filium
824 2100 924 2159 videre
947 2101 1088 2160 timuisti.
1136 2105 1166 2160 et

141 2210 263 2268 magum
281 2192 381 2249 nescia
394 2191 491 2248 matre
509 2190 611 2248 adiens
629 2189 725 2248 filium
743 2192 878 2248 nostrum
896 2190 999 2267 ligasti
1019 2192 1049 2248 et
1062 2191 1166 2266 ipsum

141 2280 308 2356 orphanum
334 2281 365 2338 et
387 2298 434 2337 me
464 2297 585 2355 prorsus
612 2278 733 2337 viduam
761 2279 892 2337 effecisti.
937 2279 1000 2354 ipse
1023 2298 1164 2355 namque,

142 2388 209 2427 cum
233 2368 305 2427 dies
318 2368 472 2442 occideret,
498 2367 612 2427 solebat
634 2369 785 2442 imponere
802 2366 892 2426 finem
914 2368 1013 2440 morti,
1039 2366 1165 2427 domum

141 2461 274 2534 repetere
310 2459 340 2516 et
372 2458 541 2516 conversari
572 2476 639 2516 cum
670 2458 773 2515 matre.
815 2475 893 2516 nunc
924 2459 1021 2514 mater
1053 2459 1166 2517 misera
1178 2471 1200 2511 aa

67 2618 69 2623 .
141 2547 261 2623 privata
287 2546 349 2604 filio
370 2546 503 2605 clausum
525 2546 675 2604 tumulum
696 2545 783 2605 nudis
803 2546 901 2604 caedit
918 2544 1067 2621 uberibus,
1092 2547 1167 2606 fletu

142 2635 279 2710 sepulcra
312 2635 478 2711 perfundit,
512 2636 625 2712 gemitu
658 2636 745 2710 quasi
774 2635 942 2693 audientem
971 2633 1104 2693 forsitan
1138 2638 1166 2694 et

142 2726 222 2783 exire
246 2725 413 2799 cupientem
436 2724 547 2783 flustra
565 2726 654 2783 vocat
672 2724 811 2782 animam.
857 2743 875 2782 ο
897 2724 1006 2781 natura
1025 2723 1166 2800 crudelis,

142 2814 211 2889 plus
234 2815 266 2871 in
289 2812 384 2871 filium
406 2815 506 2889 potest
528 2831 633 2890 magus
657 2831 747 2888 quam
764 2815 868 2872 mater.
914 2831 931 2871 ο
954 2830 1041 2888 mage
1064 2830 1165 2886 saeve,

143 2902 279 2976 crudelis,
303 2921 355 2960 our
372 2902 454 2961 istud
476 2903 710 2978 experimentum
731 2901 943 2976 praeiudiciale
961 2900 1067 2960 fecisti.
1113 2922 1166 2962 oro
1180 2917 1199 2956 1

143 3009 210 3049 cum
232 2991 376 3065 lacrimis,
401 3009 491 3050 evoca
514 2993 645 3049 animam
668 3009 758 3065 quam
781 2991 908 3065 elusisti,
933 2992 967 3048 ut
989 2991 1088 3066 magis
1114 3011 1167 3067 ap-

142 3098 247 3155 pareas
275 3081 481 3158 magisten'um
503 3083 595 3138 tuum.
637 3080 729 3139 vultis
752 3080 827 3139 scire
855 3080 998 3155 quantam
1020 3079 1167 3138 iniuriam

143 3188 161 3227 a
193 3171 302 3228 marito
339 3188 413 3228 uxor
447 3170 600 3244 receperit.
655 3168 719 3228 sola
755 3171 852 3227 mater
890 3168 986 3226 filium
1022 3168 1165 3243 perdidit.

143 3261 253 3316 mirum
272 3252 427 3336 dictu[m]:
446 3259 532 3332 patre
551 3259 678 3333 utroque
697 3258 855 3334 superstite
868 3257 964 3315 filium
982 3256 1048 3315 sola
1066 3260 1166 3317 mater

146 3346 254 3406 amisit.
300 3346 453 3406 invidebat
480 3345 555 3404 mihi
576 3364 656 3405 mors
687 3345 765 3421 quod
792 3347 913 3406 omnino
940 3364 1040 3404 meum
1066 3345 1167 3406 filium
1181 3363 1200 3402 1

144 3454 203 3493 non
227 3435 357 3509 haberet,
381 3435 433 3494 sed
451 3429 576 3513 ipsa[m]
596 3454 650 3510 per
668 3434 755 3509 diem,
774 3453 828 3513 ego
847 3454 900 3512 per
918 3437 1043 3494 noctem.
1085 3455 1167 3496 nunc

135 3525 239 3586 autem
264 3527 377 3588 misera
400 3527 499 3588 mater
524 3543 648 3604 prorsus
675 3523 782 3583 orbata
797 3523 863 3581 lilio
882 3535 946 3581 non
963 3525 1065 3597 potest
1086 3526 1166 3585 invi-
