2408 3840
475 145 689 200 PRAEFATIO.
1028 143 1093 197 XIX

74 318 173 372 ortum
201 307 298 396 eracl)
322 315 492 389 adnotavit,
522 318 636 374 textum
660 315 742 373 vitiis
771 312 963 388 emaculavit,
993 312 1093 370 minus

75 406 188 462 usitata
211 405 350 478 removit,
380 405 476 462 multa
504 423 557 462 suo
586 406 721 462 acumine
746 405 835 478 atque
864 401 984 479 iugenio
1010 403 1092 462 nisus

74 492 210 552 sollerter
237 495 361 551 novavit
388 511 515 568 quarum
543 493 783 552 observationum
811 491 971 550 nonnullae
994 493 1093 549 rectae

73 601 136 641 esse
150 581 299 656 videntur,
314 582 404 641 libros
424 600 516 641 novos
534 601 595 640 non
609 581 754 640 adhibuit.
780 600 838 656 quo
857 581 971 640 factum
990 583 1044 652 est,
1058 581 1093 638 ut

71 675 172 730 textus
196 671 340 736 librorum
363 670 433 730 inde
456 672 658 731 derivatorum
687 690 759 746 quos
782 693 800 750 γ
823 670 926 728 1111313
949 669 1094 747 significo,

72 761 241 837 elegantiae
256 760 409 818 cuiusdam
419 763 546 835 speciem
556 779 627 835 prae
643 779 673 819 se
683 761 762 819 ferat
776 777 835 834 qua
849 759 966 834 decepti
979 757 1093 833 priores

71 849 127 908 issa
141 851 311 907 recensione
322 851 368 909 usi
382 851 498 908 textum
512 851 691 908 constituere
704 848 846 908 solebant.
880 847 931 906 sed
945 848 1093 906 familiam

72 962 90 1017 γ
114 957 178 997 3333
202 940 436 997 contaminatam
460 958 495 997 ex
518 962 537 996 α
561 928 1063 1025 3131133131313111331131132)

275 1103 295 1139 α
654 1081 674 1158 β
949 1103 967 1158 r

72 1206 101 1262 p.
124 1187 213 1260 1,16
239 1206 330 1262 quare
352 1189 447 1265 igitur
531 1206 640 1263 quare
825 1205 934 1261 quare

82 1319 99 1350 „
125 1277 154 1349 9,
175 1277 193 1334 6
217 1279 356 1350 patrem
529 1280 669 1352 3311313
824 1278 978 1351 parentem

82 1410 98 1439 „
126 1366 176 1439 10,
197 1366 237 1422 27
262 1365 371 1424 obiecit
530 1359 724 1425 obiectum
825 1364 1005 1422 obiectum

81 1499 98 1528 „
124 1455 176 1527 21,
196 1456 216 1511 4
240 1454 373 1530 deperire
530 1458 649 1531 perire
824 1453 943 1528 perire

82 1588 97 1618 „
125 1544 177 1616 33,
197 1543 239 1601 20
264 1546 405 1603 33131113
530 1546 600 1603 3313
825 1544 894 1601 3313

84 1677 100 1706 ,,
126 1633 178 1705 33,
199 1633 239 1689 26
278 1651 363 1693 33333
400 1651 501 1692 rursus
530 1653 614 1693 casus
668 1633 775 1691 redit
825 1649 911 1690 casus
966 1631 1070 1710 redit

276 1721 355 1780 redit
574 1741 700 1782 rursus
867 1739 991 1779 rursus

81 1855 98 1888 „
124 1811 176 1884 43,
197 1811 215 1868 8
239 1810 319 1870 Mars
530 1813 638 1871 Roma
824 1810 934 1868 Roma

126 1946 188 2003 ,48
220 1946 261 2002 24
290 1947 362 2004 artis
387 1945 502 2002 imm„
531 1904 622 1960 artis
667 1903 796 1978 imagi·
825 1901 916 1958 artis
962 1899 1091 1975 imagi-

81 1989 98 2020 '’
192 1989 199 2018 ’
571 1989 798 2048 nemimitari
865 1987 1092 2046 nemimitari

81 2123 98 2152 „
125 2079 198 2150 155,
219 2080 237 2135 2
262 2078 405 2154 plangore
530 2080 700 2156 clangore
826 2078 995 2154 clangore

81 2212 99 2245 „
126 2167 259 2240 158,12
285 2169 380 2225 omisit
529 2169 638 2227 occidit
824 2169 920 2226 omisit

1004 2259 1013 2286 1

82 2354 99 2383 „
126 2308 363 2384 1701413333
528 2313 609 2370 13333
823 2309 896 2367 11333
926 2299 975 2384 (=
996 2300 1092 2387 13333)

83 2444 99 2473 ,,
128 2400 260 2474 191,18
285 2398 502 2456 utiButriV
528 2403 564 2458 ut
824 2400 879 2456 uti

82 2533 99 2563 „
125 2489 258 2562 206,11
300 2489 501 2547 333133113-

137 2595 214 2634 3331
235 2577 260 2633 Β
282 2579 453 2636 3333133331
473 2576 502 2632 V

83 2711 99 2740 „
126 2666 199 2740 218,
220 2667 238 2724 0
262 2667 384 2725 noxium
477 2676 483 2688 ·
529 2668 694 2726 33131313
824 2667 989 2724 33131313

852 2772 1067 2829 exponamus

835 2843 1078 2919 rexploramus

81 2979 99 3010 „
125 2935 260 3006 247,14
285 2932 403 2991 331313
530 2935 626 2992 omisit
825 2934 942 2991 omnia

82 3068 98 3097 „
125 3024 199 3096 250,
219 3022 243 3080 9’
263 3023 359 3080 omisit
531 3023 668 3081 omittere
824 3024 948 3080 omisit.

529 2533 699 2591 concionem
825 2533 1092 2590 contentionem

81 2845 99 2877 „
124 2801 198 2876 220,
220 2800 260 2857 13
275 2800 502 2875 exploramus
530 2818 745 2876 exponamus

147 3230 173 3295 1)
192 3228 269 3295 qnod
287 3226 331 3280 vel
349 3226 416 3280 inde
435 3226 572 3281 evincitur
590 3227 666 3295 quod
685 3226 769 3280 verba
789 3232 879 3293 12,19
899 3229 970 3295 (236,
986 3231 1012 3296 8)
1031 3242 1093 3296 331-

74 3316 171 3371 3313111
188 3299 290 3353 1131313
309 3299 339 3352 13
354 3301 420 3351 ΒΜ
434 3316 468 3352 ex
486 3298 547 3352 loco
561 3298 647 3368 paulo
662 3298 804 3367 superiore
820 3300 891 3366 (233,
907 3301 950 3367 21)
969 3298 999 3351 13
1013 3298 1093 3352 libris

74 3369 201 3424 familiae
216 3391 232 3439 y
247 3387 357 3440 quoque
373 3369 514 3440 leguntur,
534 3388 597 3424 cum
613 3369 752 3424 aberratio
767 3368 818 3422 illa
832 3369 868 3422 ab
882 3372 911 3421 V
926 3371 954 3423 31
968 3372 985 3441 β
1000 3369 1093 3423 311333

75 3442 120 3509 rit,
139 3445 171 3495 ut
191 3441 249 3495 alia
268 3441 374 3495 indicia
392 3441 445 3496 hoc
464 3441 526 3496 1333
546 3442 675 3495 omittere
693 3441 789 3495 liceat.

147 3517 174 3575 2)
194 3513 229 3568 cf.
249 3512 426 3580 03333331,
444 3531 473 3584 p.
489 3519 531 3570 25.

921 3609 964 3666 ,i
