2408 3840
115 141 180 205 306
436 137 620 193 VENENVM
638 135 809 193 unsvsvll

114 311 212 369 totum
234 309 349 366 facinus
372 327 484 382 meum,
507 308 586 381 vivo,
608 305 781 385 respondeo,
804 324 864 365 nou
887 304 971 383 fugio
994 303 1125 378 iudicem

114 417 174 457 non
198 397 268 455 cedo
292 396 473 455 criminibus.
509 397 571 456 iam
592 415 652 455 non
674 395 767 455 miror
784 394 858 470 quid
881 394 931 469 sit,
953 395 1034 453 circa
1053 393 1125 470 quod

64 553 67 560 Ι
113 486 146 545 in
165 487 313 562 patientia
328 485 468 561 deceptae
487 485 672 544 crudelitatis
692 485 848 543 exaestuet
863 483 935 560 plus
949 503 1044 559 quum
1056 482 1125 543 orbi·

114 577 187 634 tatis
211 575 353 652 gaudium
376 575 456 649 quod
483 574 570 633 modo
597 573 729 650 perdidit
755 590 856 633 senex:
886 575 1074 649 speraverat,
1097 575 1125 630 ul

115 664 247 724 occidere
273 683 321 722 me
347 666 448 739 posset
473 682 539 722 meo
562 680 683 723 veneno.
728 661 781 721 sed
808 664 957 737 quatenus
983 661 1125 722 invenisse

115 773 145 813 se
167 755 257 829 putat
280 752 359 828 quod
382 753 553 826 crederetis,
577 755 613 812 ut
636 750 876 812 contentionibus
900 751 1029 811 subinde
1051 752 1125 809 dum-

114 843 194 902 natis
222 841 431 900 auctoritatem
455 841 490 900 de
513 860 590 900 novo
619 841 720 901 dolore
747 840 959 914 circumdaret,
986 840 1125 899 inusitate

115 934 297 992 commentus
325 933 378 989 est.
424 948 500 1006 quae
532 931 596 990 sole
627 929 702 988 mibi
729 931 865 1006 superest
895 927 978 988 ratio
1004 928 1125 1001 vivendi¹

114 1022 230 1081 facinus
253 1039 289 1080 ea
311 1019 512 1096 simplicitate,
536 1038 572 1078 ea
593 1018 651 1077 fide
675 1019 787 1096 denego
811 1036 871 1094 qna
894 1018 1049 1077 confessus
1066 1036 1125 1077 sum

114 1112 150 1170 de
173 1128 294 1170 veneno.
340 1107 495 1183 parricidii
518 1109 591 1186 agis.

181 1197 342 1257 Abstulisti
370 1198 489 1273 quidem
520 1197 595 1255 mihi
623 1198 754 1273 purtem,
785 1198 821 1255 ut
852 1170 1051 1255 exclamarem
1077 1195 1125 1253 hoe

114 1290 192 1346 loco:
226 1283 302 1345 ‘fieri
328 1304 388 1345 non
418 1281 537 1362 potest?
585 1286 646 1345 scio
674 1289 819 1361 quantum
850 1285 1019 1344 defensioni
1049 1303 1125 1343 meae

115 1375 300 1436 difficultatis
324 1375 467 1434 adiecerit
490 1375 569 1450 quod
591 1375 799 1451 iampridem
790 1394 823 1432 1n
842 1373 930 1434 domo
953 1375 1058 1434 nostre
1078 1374 1125 1432 hn-

114 1484 270 1524 manorum
296 1464 456 1541 pignorum
477 1465 556 1523 ratio
579 1483 639 1523 non
667 1466 797 1537 constet,
824 1463 875 1524 eed
902 1463 1125 1540 pronuntiatum

114 1556 210 1630 liquet
227 1555 289 1612 utri
308 1573 342 1612 ex
360 1552 445 1612 nobis
463 1553 582 1612 facilior
599 1554 640 1613 sit
657 1553 796 1629 inpietas,
818 1553 886 1611 uter
902 1555 990 1612 iuxta
1008 1551 1125 1610 alterins

114 1645 288 1722 languorem
315 1660 455 1717 suprema
476 1661 537 1702 uon
564 1641 676 1703 fecerit.
721 1644 757 1701 tu
778 1641 902 1700 unicum
926 1641 1037 1701 cotidie
1063 1659 1125 1716 pro·

114 1732 236 1791 turbare
260 1733 375 1791 conaris
395 1752 409 1790 e
429 1732 526 1806 domo,
548 1731 640 1791 velles
662 1731 794 1807 inopiam
813 1749 919 1804 meam,
942 1731 1035 1790 velles
1053 1729 1124 1805 aspi·

115 1841 180 1881 cere
203 1821 381 1896 squalorem.
428 1839 482 1898 ego
506 1821 622 1880 osculor
644 1819 712 1878 illas
736 1819 910 1895 expellentis
932 1837 1053 1893 manus,
1074 1836 1124 1895 ego

116 1911 270 1970 abicieutis
298 1929 394 1986 genus
421 1912 507 1968 teneo
540 1912 570 1968 et
597 1909 636 1968 ed
662 1911 780 1985 petrem
808 1909 859 1983 qui
881 1926 929 1966 me
958 1910 1023 1967 tam
1046 1909 1124 1966 note·

114 1999 216 2059 biliter
239 1998 311 2072 odit,
333 2017 393 2057 non
415 1999 510 2058 habeo
534 2017 586 2065 cur
608 1998 699 2058 velim
719 1997 825 2071 redire,
848 1998 874 2056 si
896 2016 959 2056 uon
982 2016 1072 2057 umor.

81 2093 95 2146 7
183 2088 374 2146 Praevaleret
400 2087 528 2146 nominis
555 2086 601 2145 tui
633 2087 768 2146 fortassis
796 2085 975 2160 auctoritas,
1007 2088 1033 2145 si
1063 2103 1123 2144 cen·

114 2180 210 2236 tentio
238 2179 340 2235 nostra
367 2177 512 2251 coepisset
540 2195 558 2234 a
584 2194 706 2235 veneno.
752 2176 964 2250 consumpsisti
990 2171 1123 2251 quiequid

115 2269 168 2342 est,
183 2266 263 2341 quod
280 2268 418 2341 parentes
437 2266 474 2323 ab
493 2265 626 2324 omnium
644 2265 788 2323 scelerum
806 2263 977 2339 suspicione
991 2262 1121 2323 defendit

114 2375 175 2414 non
201 2356 291 2413 habet
320 2357 408 2429 pater
435 2354 513 2412 unde
544 2353 747 2431 parricidium.
767 2352 803 2410 de
834 2351 898 2411 filio
926 2353 1042 2427 credat,
1073 2352 1122 2410 nisi

116 2464 203 2519 quem
221 2447 322 2519 posset
340 2444 480 2503 occidere.
516 2462 563 2501 me
583 2443 712 2519 quidem,
729 2444 824 2518 peter,
847 2444 878 2501 et
895 2442 1026 2502 infelicis
1043 2441 1123 2500 huius

114 2532 314 2608 persuasionis
333 2533 557 2608 simplicitatem
580 2534 606 2591 si
625 2531 691 2608 quis
709 2533 881 2608 interroget,
905 2550 959 2590 nec
978 2550 998 2590 a
1016 2535 1045 2590 te
1064 2549 1123 2606 per-

114 2622 252 2680 ricidium
270 2621 336 2679 fieri
357 2639 442 2696 pesse
466 2621 552 2680 oredo
575 2622 634 2680 nisi
652 2640 718 2680 meo
736 2638 858 2680 veneno.
895 2620 1014 2680 facinus
1031 2623 1124 2680 tomen

114 2713 145 2768 in
175 2709 310 2769 omnibus
337 2710 508 2769 incredibile
535 2709 709 2788 pignoribus
736 2709 828 2768 nullis
861 2707 1016 2769 difficilius
1043 2728 1124 2785 quam

114 2799 216 2858 liberis
247 2801 329 2874 puto.
376 2819 428 2858 vos
457 2800 553 2858 adhuc
585 2801 617 2859 in
647 2817 785 2875 suprema
816 2800 922 2858 1111111
950 2798 1124 2876 praecipitet

187 2941 201 2988 1
226 2933 305 3004 fugio
324 2950 357 2988 ex
374 2933 434 2987 fuic
452 2942 480 2986 Β
569 2938 584 2986 2
609 2933 691 2986 oredo
709 2942 762 2986 BV
847 2932 924 3000 quod
943 2933 1061 2988 111161.

115 3024 286 3096 5111111111
376 3042 444 3094 6et
462 3061 480 3093 a
570 3045 681 3111 9nego
700 3048 760 3093 ΒΜ
847 3044 880 3093 10
898 3040 1083 3108 parricidium
1100 3046 1125 3091 Ι

116 3119 147 3166 11
168 3114 238 3166 mihi
257 3112 405 3181 quideme
458 3114 540 3181 poter
557 3111 619 3169 Seu
682 3117 715 3166 12
735 3110 906 3165 defensionis
925 3121 946 3164 v
1008 3119 1042 3167 14
1059 3110 1124 3166 ratio

115 3233 191 3283 11111
238 3224 270 3272 15
284 3221 360 3274 uter:
374 3218 449 3273 uteri
457 3228 496 3286 113
511 3217 596 3273 vitari
610 3229 631 3271 V
663 3182 830 3272 ’11111111
874 3224 909 3272 18
924 3217 1125 3288 expellentes!

116 3331 149 3378 19
167 3325 302 3381 nobiliter
320 3336 341 3378 V
418 3330 452 3380 20
470 3289 561 3380 habeo
579 3335 607 3378 B
682 3341 746 3379 amo
766 3325 814 3380 Gr.
895 3331 929 3378 21
949 3326 995 3380 vel
1010 3323 1125 3396 posttni

95 3454 164 3511 add.
179 3465 219 3511 M
279 3416 568 3527 scindebatur
623 3455 663 3506 ‘ab
678 3449 765 3528 patet
781 3456 822 3512 u
837 3463 907 3500 core
917 3468 968 3511 m
978 3453 1011 3500 11
1025 3468 1075 3502 m
1085 3459 1125 3509 epe

85 3529 175 3585 28111
199 3532 358 3592 omnibusz
381 3517 520 3590 moribus
541 3536 569 3583 P
644 3517 812 3579 d'ilboilliue
826 3523 852 3567 n
