2408 3840
102 155 168 216 406
413 149 607 204 menum
623 147 803 203 ansmn

103 323 231 379 mon'tm
247 320 328 394 quod
347 320 476 394 amplius
494 319 623 376 amicum
636 337 697 376 uou
712 317 836 376 videbit
874 319 1024 393 poeuemo
1043 317 1112 379 mihi

104 420 220 485 patrem
242 409 364 467 (limisit
405 428 460 485 ego
484 427 545 466 nou
566 404 669 464 elam?
708 406 850 480 uidennt,
871 405 905 464 P.
924 404 965 480 0.,
987 424 1042 483 ego
1071 425 1112 463 re·

103 499 282 572 demptionis
299 517 383 555 meae
401 500 531 573 pretium
548 499 627 571 peto.
663 497 692 554 si
708 496 847 572 impeluo,
864 495 938 554 feeit
955 498 1040 572 pater
1058 513 1113 553 non

103 586 246 662 quicquid
268 587 380 659 debuit,
402 589 429 645 ei
445 589 554 657 minuo,
574 604 635 643 non
652 585 796 662 intellego
812 584 964 660 quomodo
987 603 1005 642 a
1023 586 1112 659 parri·

103 675 180 733 cidio
210 694 241 733 se
271 676 407 747 solverit,
436 673 489 733 sed
518 693 573 733 neu
594 691 650 751 ego
679 694 727 732 me
749 692 768 731 a
791 673 907 747 debito,
936 675 996 732 nisi
1023 677 1053 731 et
1079 672 1141 732 ads

103 768 230 822 mortem
251 768 393 822 invertas.

373 906 409 962 X
433 904 618 963 8111111111
640 921 846 962 mcmunuvn.

169 1014 383 1086 Asqumevetum
404 1034 432 1070 v.
445 1031 478 1084 p.
499 1013 573 1079 189,
591 1013 621 1069 3.

170 1103 278 1160 Mater.
306 1101 405 1174 Nova,
434 1098 466 1157 P.
486 1099 528 1174 (1.,
554 1101 736 1158 mlamitatin
758 1099 942 1173 differentia,
972 1103 1037 1158 tam
1066 1117 1114 1175 pro

104 1192 166 1248 filio
188 1209 280 1266 quum
302 1209 356 1266 pro
378 1193 482 1247 matre.
527 1191 561 1247 in
582 1192 725 1248 maritum
746 1189 844 1247 mulae
860 1189 1054 1248 tractationis
1076 1189 1114 1246 la·
1126 1208 1144 1247 u

104 1282 211 1337 urimas
239 1279 365 1338 effundo.
407 1280 502 1337 Putet.
543 1277 645 1337 fictum
673 1282 704 1336 et
734 1277 878 1336 muliebre
906 1281 1114 1356 argumentum

104 1373 156 1426 est.
197 1369 243 1424 Μ.
262 1387 416 1442 nunqnam
438 1367 540 1426 fictum
565 1368 626 1425 fuit
646 1367 727 1443 quod
753 1367 932 1426 exclamavit
954 1366 1114 1426 calamitas.

103 1459 136 1514 P.
157 1458 181 1513 si
204 1457 276 1531 quid
299 1459 390 1515 matri
411 1456 448 1514 de
470 1459 567 1514 morte
587 1455 644 1514 filii
671 1456 830 1514 dolendum
852 1458 931 1529 erat,
960 1454 999 1513 ad
1023 1455 1115 1532 sepul-

104 1565 186 1604 erum
204 1547 304 1619 potius
322 1545 452 1603 flendum
470 1551 555 1604 esset
590 1547 637 1603 M
651 1546 718 1620 plus
737 1544 811 1602 mihi
828 1547 915 1621 pater
935 1564 1028 1620 quam
1047 1563 1115 1602 uma

104 1634 237 1691 abstulit
283 1637 449 1692 venientem
479 1634 517 1692 ab
545 1653 621 1692 uma
649 1634 746 1692 filium
774 1633 928 1711 obligavit.
971 1634 1006 1691 P.
1032 1654 1050 1692 a
1074 1652 1115 1692 me
1127 1654 1145 1693 1

105 1723 224 1798 quaerit
247 1723 327 1798 quod
344 1723 514 1782 oombussit
555 1725 600 1782 Μ.
619 1722 671 1781 odi
687 1724 780 1800 ignes,
802 1722 852 1781 odi
870 1741 985 1800 rogum.
1030 1723 1116 1782 donee

104 1814 281 1887 eriperetur,
310 1814 406 1886 tenui,
442 1813 539 1870 rediit.
587 1811 746 1889 impedisti.
793 1812 827 1869 P.
853 1813 880 1870 si
908 1811 1115 1888 impeditorem

105 1904 236 1977 quaetio,
265 1904 390 1959 mortem
420 1920 535 1960 uouusa.
577 1903 621 1958 M.
645 1920 724 1960 mors
753 1901 879 1959 multum
909 1899 1060 1974 reddidit,
1086 1903 1115 1959 tu

104 1995 201 2049 totum
231 1990 390 2048 abstulisti.
438 1991 471 2048 P.
496 1989 642 2065 quidquid
670 1993 739 2066 post
771 1991 896 2047 mortem
926 1993 1116 2060 memoratur,

103 2080 214 2137 doloiie
232 2079 385 2138 renovatio
405 2083 457 2136 est.
498 2079 544 2136 M.
558 2098 618 2137 non
635 2081 735 2154 potest
753 2077 788 2137 de
805 2077 903 2136 reditu
922 2077 1028 2138 dolere
1047 2097 1144 2154 quaen

104 2169 139 2226 de
163 2171 257 2226 morte
280 2187 341 2226 non
362 2170 462 2243 potuit
485 2168 638 2226 ooneolaii.
678 2168 713 2225 P.
755 2169 780 2226 ei
802 2185 900 2224 meum
923 2171 1051 2244 repetis,
1073 2168 1117 2227 de

103 2259 222 2316 functus
246 2262 299 2330 est
322 2259 349 2315 ei
371 2256 473 2330 ulium,
496 2274 556 2315 non
577 2255 677 2315 habui
718 2257 763 2313 M.
782 2274 842 2314 non
864 2255 939 2313 adeo
961 2257 1117 2315 defunctus

104 2350 148 2404 est
179 2348 232 2420 qui
260 2345 351 2420 redit,
382 2347 434 2420 qui
463 2345 644 2420 consolatur,
675 2347 727 2420 qui
756 2345 843 2402 horas
873 2347 989 2418 servat,
1020 2347 1117 2405 venire

103 2436 222 2512 gaudet,
240 2434 336 2493 redire
353 2435 511 2510 promittit.
548 2435 581 2492 P.
595 2433 771 2507 inauditum,
788 2433 999 2509 incontingens
1019 2438 1118 2510 postu-

103 2524 155 2581 lat.
196 2524 241 2581 Μ
261 2524 286 2582 si
309 2543 450 2600 magnum
473 2525 530 2597 eet,
554 2526 665 2597 quanto
688 2524 797 2596 rarius,
827 2525 912 2580 tanto
936 2523 1048 2582 maius.
1088 2524 1146 2581 Re

103 2613 178 2670 nihil
206 2612 334 2670 (letemus
365 2632 454 2686 quam
484 2611 531 2669 (111
559 2629 690 2688 sperare,
718 2614 805 2670 noete
834 2611 908 2669 falli.
956 2615 1118 2687 utrumque

102 2704 220 2775 tempus
240 2703 396 2759 amittitur.
438 2701 483 2758 M.
498 2700 574 2759 nihil
591 2701 748 2760 iucundius
768 2719 856 2775 quam
875 2699 922 2758 die
941 2700 1118 2773 desiderare,

103 2793 189 2848 noete
212 2790 279 2847 frui.
322 2791 353 2847 P.
374 2808 474 2848 omnes
497 2793 607 2848 matres
630 2792 662 2848 in
685 2789 829 2848 invidiam
851 2789 936 2848 duoit
960 2793 1014 2865 qui
1039 2793 1117 2867 quiu-

104 2898 193 2952 quam
217 2879 327 2937 adeas
351 2878 486 2937 eburna
512 2879 609 2937 redire
632 2879 740 2956 arguit.
781 2879 826 2936 Μ
845 2879 916 2937 illae
945 2897 1019 2938 saue
1044 2882 1118 2939 invi·

103 2967 201 3041 deant,
225 2967 295 3024 dum
318 2986 373 3043 ego
395 2968 511 3026 invidia
538 2969 645 3027 solvar.
686 2969 719 3025 P.
738 2969 783 3027 ita
809 2969 969 3041 nascimur,
998 2973 1034 3027 ut
1059 2987 1149 3028 mon

174 3106 189 3151 2
210 3100 329 3153 dimisit:
349 3099 465 3167 reliquit
483 3111 511 3155 11

175 3176 189 3222 7
210 3170 368 3240 sepulcrum
386 3171 548 3226 incantetur
566 3172 637 3226 Vlll.
656 3172 702 3226 lex
716 3183 743 3226 Ρ
806 3180 837 3225 11
857 3179 921 3227 ante
935 3173 1035 3227 fictum
1053 3175 1115 3228 add.

103 3251 142 3294 n:
167 3258 230 3295 vere
249 3242 356 3296 iudices
374 3259 447 3298 nove
468 3242 634 3298 differentia.
670 3243 743 3298 nihil
762 3243 834 3297 enim
855 3259 873 3296 a
891 3243 1057 3298 calamitate
1076 3244 1116 3297 di-

102 3312 222 3368 stantius
241 3329 325 3384 quam
345 3314 516 3369 calamitatis
541 3314 689 3370 absolutio.
722 3314 798 3382 quod
821 3317 917 3369 autem
936 3316 1116 3384 conqueritur

98 3385 156 3440 tam
215 3389 255 3446 et:
276 3404 364 3459 quum
387 3397 413 3443 n
467 3385 947 3450 11111111111111112111
1001 3385 1115 3440 111111-

85 3462 173 3532 gavit
195 3470 242 3519 VB
333 3469 368 3520 19
390 3455 731 3519 memoratum-tunnam
747 3460 774 3501 R
810 3523 813 3526 ·
856 3455 897 3498 ‘m
912 3466 984 3499 nm
994 3455 1064 3502 1111
1079 3465 1120 3501 ux·

80 3541 120 3590 26
139 3539 240 3596 tanto:
261 3538 359 3596 timeo
384 3545 411 3591 Ρ
488 3536 523 3586 tt
544 3522 656 3582 uoluuni
675 3528 721 3571 nv
