2408 3840
386 145 619 202 DECLAMATIO
639 147 702 202 Vm
717 152 829 202 11-13.
1053 149 1116 213 157

105 317 290 394 geminorum
312 316 420 391 probat
443 317 534 374 etiam
556 316 678 375 fortuna
700 315 873 376 dissimilis?
908 317 986 376 hunc
1009 318 1117 393 pressit

104 406 283 481 paupertate
301 408 453 480 perpetua,
471 405 559 464 illum
576 406 735 482 insperatis
754 406 859 481 opibus
879 408 1016 482 excoluit,
1035 407 1116 465 illius

102 513 157 570 per
177 495 294 567 titulos,
312 493 445 567 bonores,
464 493 545 554 illius
565 514 619 570 per
636 495 781 572 ignobiles
801 495 998 570 obscurasque
1017 496 1116 555 sordes

101 585 201 642 totam
233 582 319 641 duxit
351 585 487 642 aetatem.
533 583 629 643 simile
658 587 703 643 eet
731 584 873 659 quicquid
903 584 1053 661 accipiunt
1083 604 1117 643 ex

75 673 223 732 sbomine
247 673 369 748 gemini,
392 672 537 731 dissimile
555 673 696 749 quicquid
718 693 753 730 ex
776 674 848 732 fato.
885 693 939 733 nec
958 675 1036 732 enirn
1054 676 1118 733 tam

100 762 219 837 pariter
239 762 281 842 in,
294 761 390 819 lucem
412 761 449 819 de
471 763 613 822 maternis
639 762 766 821 exiluere
789 761 963 836 visceribus,
991 765 1026 820 ut
1049 763 1117 821 illos

100 849 209 910 eadem
236 851 319 927 origo
347 851 518 927 signaverit.
566 853 711 926 quantum
738 853 826 927 putas
849 851 1019 911 interfuisse
1043 847 1172 910 tem-13

101 939 194 1016 poris,
218 939 288 997 dum
305 941 435 1014 primum
457 941 536 998 uteri
559 939 674 1015 pondus
696 940 838 1018 egeritur,
866 939 937 999 dum
959 960 1119 1016 parumper

102 1029 265 1087 exonerata
282 1028 389 1087 vitalia
408 1028 501 1087 altero
520 1047 621 1088 rursus
639 1029 757 1088 homine
780 1030 928 1104 laxantur,
951 1029 1040 1089 breve
1059 1031 1118 1088 for·

63 1136 89 1176 ro
102 1119 194 1176 bassis
213 1118 409 1194 exiguumque
428 1117 566 1176 videatur
584 1118 792 1179 inmortalibus
812 1119 913 1192 oculis,
933 1119 992 1193 sed,
1016 1119 1042 1178 si
1059 1121 1119 1177 ter·

103 1225 177 1265 rena
200 1207 297 1264 mente
325 1208 489 1282 perspicere
512 1206 586 1266 velis
615 1207 694 1266 orbis
719 1207 806 1266 buius
830 1210 1018 1282 vastitatem,
1046 1209 1118 1267 scies

103 1295 235 1354 multum
253 1313 314 1354 esse
333 1295 412 1371 quod
434 1297 514 1354 inter
532 1295 605 1354 duas
628 1298 814 1356 transcurrat
833 1299 954 1355 animae.
988 1297 1120 1356 volvitur

104 1402 266 1460 supernos
284 1384 358 1444 haec
376 1386 451 1443 caeli
469 1385 657 1460 siderumque
677 1405 819 1462 conpago,
843 1390 873 1445 et
891 1387 1050 1463 praecipiti
1067 1406 1120 1462 per

103 1473 237 1549 proclive
256 1473 380 1533 decursu
398 1468 486 1551 <sol>
505 1474 598 1533 tetius
618 1474 666 1532 dei
683 1476 837 1549 noctisque
855 1475 1003 1535 brevitate
1023 1495 1119 1534 emen·

64 1581 89 1622 rs
104 1580 155 1622 sus
180 1563 302 1621 orientis
326 1563 544 1638 occidentisque
568 1582 682 1637 cursus,
706 1564 846 1623 demersis
870 1564 999 1624 siderum
1021 1559 1119 1642 <igni-

103 1647 183 1727 bus)
197 1653 230 1708 in
248 1653 345 1727 primo
364 1653 467 1711 statim
483 1654 551 1710 ortu
569 1654 669 1711 rotato
688 1671 718 1711 se
732 1671 833 1711 rursus
853 1671 906 1712 axe
922 1655 1119 1729 consequitur.

103 1741 162 1800 hoc
189 1742 224 1798 tu
250 1759 357 1816 parum
384 1740 479 1800 credis
506 1760 568 1800 esse
596 1743 728 1817 spatium
752 1742 830 1816 quod
856 1741 979 1802 diversis
1007 1744 1121 1818 pariter

103 1828 194 1888 rebus
216 1827 378 1905 impletur?
425 1831 570 1905 quantum
592 1831 671 1889 inter
692 1831 747 1889 illa
773 1832 1002 1890 transcurrentis
1029 1832 1120 1890 horae

104 1920 257 1977 momenta
284 1920 425 1994 nascitur,
451 1917 550 1995 perit?
595 1920 689 1997 igitur
717 1920 835 1995 quando
865 1940 1007 1997 umquam
1036 1939 1119 1997 pere-

63 2028 91 2068 ao
105 2008 221 2085 grinati
243 2009 313 2066 sunt
335 2028 402 2082 una,
426 2008 592 2067 militavere
616 2007 751 2085 pariter?
773 2010 845 2085 quid
866 2029 925 2068 non
945 2009 1057 2068 diducti
1076 2029 1120 2069 se-

104 2098 265 2172 paratique
287 2094 440 2156 fecerunt?
464 2097 582 2172 quando
600 2097 668 2157 illos
687 2099 822 2176 languor,
846 2098 963 2173 quando
982 2117 1120 2175 suprema

104 2183 289 2244 iunxerunt?
326 2188 356 2244 et
379 2187 556 2262 quaudoque
580 2187 628 2262 sit,
650 2206 767 2247 necesse
791 2190 836 2246 est
858 2181 930 2265 (et)
953 2188 1030 2245 alter
1052 2181 1121 2264 <ex-

104 2269 284 2352 unguatur>
298 2293 332 2332 ex
350 2276 485 2352 geminis,
505 2275 584 2350 quod
601 2279 716 2351 pariter
733 2277 922 2352 languerunt,
939 2295 999 2334 non
1017 2278 1059 2335 sic
1074 2294 1120 2335 ac·

106 2363 183 2422 cidit
202 2363 348 2438 quomodo
369 2364 521 2439 iratribus,
545 2365 595 2424 sed
615 2366 762 2440 quomodo
786 2365 907 2423 duobus.
939 2383 999 2423 non
1018 2364 1120 2423 eodem

62 2473 91 2514 as
107 2452 173 2510 fato
187 2453 327 2530 languere
342 2455 474 2529 geminos
489 2453 737 2529 quemadmodum
751 2454 843 2512 vultis
857 2453 976 2512 brevius
991 2453 1122 2529 probem,

109 2559 200 2616 quam
223 2542 303 2617 quod
323 2562 377 2602 nec
404 2546 529 2618 uterque
553 2544 664 2602 occisus
688 2545 809 2602 estnec
832 2544 955 2618 uterque
979 2540 1122 2602 sanatus?

177 2629 234 2688 Sed
256 2629 401 2707 fingamus
424 2632 480 2691 heo
504 2651 565 2691 esse
583 2652 687 2691 verum
706 2631 784 2707 quod
808 2631 1039 2707 desperaverunt
1061 2651 1120 2690 me-

107 2719 177 2793 dici,
200 2720 333 2794 relinque
356 2721 454 2794 nobis,
479 2724 574 2796 pater,
595 2723 797 2780 innocentiam
820 2722 1015 2795 calamitatis,
1038 2721 1122 2780 salva

183 2894 197 2941 1
222 2888 319 2942 etiam:
344 2906 399 2944 non
419 2900 451 2958 Ρ,
474 2890 524 2944 del.
544 2897 569 2944 et
586 2890 618 2943 ia
635 2907 721 2961 marg.
741 2889 805 2944 add.
826 2890 912 2944 etiam
928 2913 949 2952 p
1039 2890 1121 2943 diesi-

106 2959 191 3013 miles
209 2968 237 3012 Β
313 2973 420 3025 nunes
506 2961 604 3014 6illaa
624 2971 656 3027 Β,
675 2979 743 3017 corr.
756 2984 777 3023 p
849 2967 878 3024 ,9
898 2962 1069 3016 exhonerata
1091 2970 1122 3029 νς

108 3033 275 3085 exemerata
294 3041 451 3096 1³,cormp
519 3032 607 3086 altero
626 3049 676 3087 oia.
693 3042 729 3100 M,
748 3050 823 3102 capr.
838 3054 869 3085 m
943 3037 975 3086 10
993 3033 1124 3086 videatur

109 3111 196 3158 cim
236 3104 376 3157 terrenam
389 3112 417 3156 Β
465 3109 498 3157 12
517 3105 712 3168 transcmrits
763 3110 796 3158 14
815 3104 856 3157 sol
873 3103 1025 3159 Francius:
1040 3121 1123 3158 ome

110 3179 145 3227 15
165 3174 298 3227 demersis
317 3176 394 3229 Dese.
410 3193 435 3244 p.
447 3179 496 3229 99:
516 3175 618 3228 diversi
636 3197 658 3227 ω
678 3175 809 3245 (diversi{
828 3177 879 3245 Β);
904 3176 1075 3230 diversorum
1095 3186 1123 3242 ες

110 3245 254 3298 demersus
268 3246 418 3301 Parisinus
433 3250 505 3300 7801
552 3246 665 3316 ignibus
680 3248 771 3302 Desa:
792 3263 841 3301 cm.
857 3268 879 3298 ω
930 3252 963 3300 18
982 3249 1123 3300 transcur-

108 3315 178 3369 retis
198 3325 226 3369 Β
278 3321 311 3370 20
331 3317 445 3371 deducti
462 3327 513 3370 VM
529 3319 607 3386 (cerr.
621 3320 663 3388 m)
678 3330 714 3382 cu
765 3323 798 3371 21
818 3317 875 3371 illis
893 3327 921 3371 Β
974 3332 1125 3387 supprema

108 3388 258 3441 iunxerunt
275 3397 303 3441 Β
355 3395 388 3442 22
408 3390 437 3442 et
455 3389 635 3458 quandoque:
656 3389 768 3456 quando
787 3398 837 3441 VM
848 3391 889 3458 (m
924 3390 1075 3458 nandoque
1093 3390 1125 3442 ia

108 3461 208 3530 marg.)
262 3462 291 3514 et
309 3459 373 3515 aaa.
388 3462 466 3515 Deos.
523 3460 616 3514 altri
670 3461 851 3529 extinguatur
869 3409 980 3527 addida
1002 3460 1126 3529 exspiret

111 3531 206 3598 Desa.;
221 3531 255 3585 ab
269 3531 335 3585 aliie
348 3533 423 3586 caric
437 3537 583 3602 temptacio
596 3533 671 3589 locas
721 3537 756 3588 ‘le
769 3531 856 3607 lato}
865 3535 894 3607 lb
903 3533 969 3590 ocl'l
978 3533 1143 3598 amasii
