2408 3840
369 101 604 214 DEbLAMA‘rIO
623 158 696 214 xre
717 158 756 213 XI
771 164 847 213 ι-ι.
1049 157 1114 223 207

170 326 405 402 Expectaveram
424 327 553 403 quidem,
575 330 611 387 ut
630 327 666 386 de
684 328 799 386 inimici
815 329 874 386 mei
892 328 1038 403 supplicio
1056 347 1116 386 non
1134 328 1151 384 1

103 418 309 493 quaereretur,
336 435 390 476 nec
415 437 463 475 me
491 417 588 491 decipi
614 435 701 491 posse
732 415 913 475 credideram
942 418 975 475 in
1003 417 1117 476 ultione
1143 409 1148 417 ⁸

103 524 195 581 quam
213 505 289 563 mihi
306 504 432 565 debebat
449 506 555 565 civitas
573 508 638 564 tam
656 505 743 565 liberi
761 505 879 580 doloris,
901 505 952 565 sed
971 508 1117 582 quatenus

102 614 137 654 eo
160 593 309 652 malorum
331 596 464 654 novitate
486 596 617 671 perveni,
640 597 675 653 ut
696 596 729 652 in
752 594 884 653 vindicta
906 594 1036 670 primum
1058 597 1118 653 mei

78 683 256 744 sconsulere
279 682 360 761 leges
383 701 418 742 ac
439 685 507 742 iura
530 685 660 758 velletis,
684 702 804 759 quaeso,
829 703 866 741 ne
890 684 956 759 quis
979 682 1117 758 prodesse

102 773 232 848 pauperi
253 771 328 831 velit
351 771 430 847 quod
447 792 501 832 nec
519 772 638 831 defendi
659 773 760 849 potest
780 773 843 831 sine
866 790 973 850 genere
995 790 1116 847 poenae.

102 862 172 938 plus
195 857 327 919 meretur
348 863 414 936 pati
436 861 524 921 homo
543 864 603 938 qui,
626 862 653 920 si
675 862 733 936 ipsi
756 861 885 937 creditis,
908 860 996 920 debet
1016 861 1116 920 occidi.

103 949 160 1009 hoc
183 951 230 1009 est
247 951 320 1025 quin
341 952 442 1026 immo,
464 950 585 1025 iudices,
609 950 689 1026 quod
706 967 795 1025 super
813 969 913 1010 omnes
932 951 1117 1009 calamitates

103 1057 186 1098 meaa
209 1039 287 1098 ferre
309 1057 369 1097 non
391 1057 525 1115 possum:
547 1039 667 1100 videtur
689 1039 747 1098 sibi
770 1041 842 1098 satis
865 1040 974 1098 vixisse
995 1057 1118 1115 pauper,

66 1131 266 1207 repostquam
289 1127 397 1187 occidit
417 1127 525 1188 liberos
548 1147 638 1189 meos.
679 1147 786 1204 operae
808 1129 937 1205 pretium
959 1129 1049 1203 putat
1071 1146 1118 1186 co-

104 1235 172 1275 ram
193 1217 383 1291 impatientia
401 1236 468 1276 mea
490 1217 606 1276 felicem
625 1235 827 1276 consummare
853 1220 970 1293 patrem
993 1219 1023 1275 et
1045 1235 1118 1294 gau-

105 1305 225 1364 diorum
251 1323 372 1364 suorum
394 1307 529 1365 satietati
550 1307 606 1365 hoc
629 1325 746 1382 quoque
769 1307 873 1382 adicit,
901 1309 937 1364 ut
959 1306 1118 1365 orbitatem

103 1413 204 1453 meam
231 1393 333 1453 liberis
360 1395 420 1454 suis
447 1396 604 1472 relinquat.
650 1394 738 1454 fidem
761 1398 904 1469 vestram,
930 1395 1049 1471 iudices,
1081 1414 1118 1453 ne

104 1485 222 1560 pereat,
250 1483 328 1558 quod
357 1484 465 1543 ultioni
492 1503 576 1544 meae
604 1485 731 1562 contigit
757 1484 851 1544 bonus
878 1487 972 1560 pater.
1019 1487 1119 1543 ectum

68 1591 92 1632 ιι
106 1573 173 1631 erat
195 1571 232 1630 de
252 1571 369 1632 solaciis
387 1574 470 1648 meis,
493 1573 519 1632 si
541 1573 650 1632 liberos
673 1592 741 1633 suos
764 1592 878 1650 pauper
894 1574 999 1633 mallet
1016 1573 1117 1632 occidi.

104 1660 182 1720 illud
209 1661 311 1735 plane,
341 1661 468 1738 iudices,
500 1662 591 1720 etiam
617 1662 650 1721 in
681 1663 737 1722 hac
765 1663 904 1739 pauperis
934 1662 1119 1738 impudentia

105 1752 208 1823 miror,
227 1749 334 1809 liberos
352 1755 432 1810 meos
451 1751 564 1827 pudore
579 1752 719 1827 deceptae
734 1752 864 1811 civitatis
883 1752 999 1826 occidit,
1014 1750 1118 1809 deinde

104 1857 154 1898 me
177 1839 326 1897 crudelem
348 1841 442 1900 vocat.
484 1841 624 1916 parvulos
647 1859 717 1900 suos
740 1841 878 1916 ostendit,
901 1834 1021 1918 allegat,
1042 1843 1119 1900 tam-

106 1938 198 2004 quam
221 1946 280 1986 non
303 1947 358 2005 ego
380 1930 480 2004 potius
504 1947 612 2005 querar
633 1930 689 1989 hoc
712 1930 748 1988 de
767 1949 917 2007 quoquam
938 1929 1119 2013 patrefieri,

67 2035 94 2076 ιο
106 2034 162 2075 nec
183 2016 333 2094 intellegit
356 2021 500 2092 quantum
523 2017 629 2078 debeat
651 2019 690 2076 ad
706 2019 932 2094 »impatientiam
953 2019 1048 2078 nostri
1068 2019 1118 2077 do-

106 2105 179 2165 loris
203 2105 348 2180 accedere,
371 2107 397 2165 si
418 2124 523 2182 passus
547 2126 611 2166 sum
635 2107 714 2182 quod
737 2108 821 2167 etin
842 2109 956 2167 ultione
978 2108 1119 2167 miserum

106 2197 159 2254 est
206 2194 321 2253 facinus
344 2198 401 2270 est,
423 2196 545 2270 iudices,
568 2215 747 2272 quemquam
769 2197 974 2255 calamitatum
997 2197 1153 2255 suarnmt

105 2282 253 2342 invidiam
275 2285 348 2358 pati
393 2285 435 2343 sio
458 2285 602 2344 ultionem
623 2305 720 2345 meam
744 2285 856 2344 debetis
880 2285 1020 2360 aspicere,
1042 2287 1119 2343 tam-

106 2390 201 2448 quam
228 2373 260 2430 et
290 2371 397 2432 liberos
430 2392 498 2433 suos
530 2393 645 2449 pauper
676 2375 824 2433 occiderit.
869 2392 924 2432 nec
952 2393 999 2432 me
1030 2373 1141 2453 fallit,

66 2460 229 2536 uindices,
246 2460 532 2537 plerosqueeredere
551 2463 776 2522 callidissimum
794 2481 955 2538 pauperem
972 2481 1026 2521 nec
1044 2463 1120 2521 mori

107 2549 198 2624 velle,
225 2551 256 2607 et
277 2550 333 2610 hoo
357 2551 435 2626 quod
456 2552 551 2610 nudat
572 2553 722 2629 iugulum,
749 2554 852 2628 pectus
876 2551 1013 2628 opponit,
1041 2553 1120 2610 artes

108 2656 172 2698 esse
195 2656 250 2714 pro
267 2639 340 2698 vita.
377 2639 429 2699 sed
451 2660 506 2717 ego
529 2641 616 2699 illum
638 2660 698 2700 non
719 2642 805 2700 credo
828 2642 957 2715 mentiri,
981 2659 1044 2718 ego,
1068 2641 1120 2715 qui

107 2726 169 2786 scio
197 2727 270 2802 quid
295 2729 475 2788 maluissem.
511 2749 666 2805 nunqnam
687 2730 743 2790 hoc
766 2730 906 2789 adversus
930 2742 982 2789 nos
1006 2729 1120 2807 excogi-

106 2816 288 2898 tassetnisi
314 2817 591 2892 impatientissimus
617 2821 704 2895 pater
735 2821 765 2878 et
791 2820 867 2878 hanc
893 2837 1006 2895 poenae
1037 2837 1120 2877 meae

182 3045 196 3092 1
216 3041 411 3108 xpectaverem
426 3043 529 3111 (nempe
542 3041 565 3093 Ε
579 3043 679 3096 minict
668 3047 711 3096 tor
721 3044 833 3124 paupere
848 3044 987 3110 omisitB)
1031 3046 1046 3093 3
1060 3042 1120 3094 tam

107 3129 159 3168 om.
178 3120 201 3163 V
269 3112 422 3180 bpauperi
439 3113 572 3195 prodesse
592 3121 613 3164 V
682 3118 697 3165 7
717 3112 861 3182 seipsis
931 3119 963 3166 12
983 3111 1083 3167 adicit·
1103 3128 1121 3165 a

107 3191 278 3238 excomm
348 3183 495 3237 llcontin
517 3183 578 3236 to
648 3190 680 3237 16
701 3184 911 3253 aonhsu
927 3195 944 3236 e
1017 3188 1121 3252 1'1pu-

108 3254 189 3307 dore:
208 3252 301 3307 furore
317 3254 365 3309 Gr
418 3259 451 3308 18
471 3201 572 3325 affigat
585 3264 644 3308 Ml
695 3260 728 3308 19
748 3272 859 3324 quoque
874 3265 902 3308 Ρ
949 3259 982 3308 20
1002 3254 1087 3308 debet
1104 3263 1125 3305 ν

108 3330 143 3380 21
167 3327 265 3380 stom
280 3334 321 3392 M,
340 3342 415 3395 supr.
429 3347 461 3378 m
551 3331 585 3380 23
608 3326 744 3380 invidiam
762 3327 835 3395 pati:
855 3344 883 3379 m
901 3326 993 3396 pati'
981 3342 1084 3380 curua
1104 3333 1125 3377 ι

108 3402 144 3451 24
163 3396 201 3452 ad
219 3397 298 3464 etP,
318 3396 356 3449 ad
375 3397 424 3451 del.
441 3401 547 3452 man3
618 3397 682 3451 falli
701 3406 738 3475 M,
757 3345 861 3467 daupu
876 3419 907 3450 m
980 3402 1013 3450 26
1032 3396 1121 3449 nude-

107 3471 170 3522 tum
188 3467 285 3538 iugulo
303 3476 364 3521 m
383 3467 437 3537 (vel
454 3469 545 3523 nudat
562 3468 691 3540 iugulum
709 3468 839 3539 stipam)
930 3473 963 3521 27
987 3483 1039 3538 ego
1058 3467 1120 3536 qui:

107 3555 162 3610 ego
181 3554 236 3610 que
253 3547 313 3593 u
328 3470 393 3611 pel(
400 3539 449 3608 qui
467 3557 541 3610 ecpr
555 3542 597 3613 m)
671 3544 705 3596 28
724 3540 797 3612 quid
813 3557 848 3597 ecc
865 3539 947 3612 quod
963 3547 990 3593 lt
