2408 3840
117 160 183 224 302
349 158 811 215 .vnmv1nssvsv1

116 338 240 386 venerat
263 334 359 404 pater.
404 329 514 388 videtis
542 328 640 387 adhuc
669 328 725 386 illa
754 328 863 386 meti
887 328 985 387 nostri
1013 329 1129 387 contan-

116 419 199 476 tionc
221 420 376 476 rixantem
412 417 559 493 quidquid
579 420 657 475 citra
678 435 827 492 saprum,
848 418 927 475 citra
947 418 1063 476 exitum
1080 420 1129 490 cst

117 507 334 565 (nutumaciam
357 510 454 580 vocat,
479 510 627 581 qnantum
648 506 866 565 absolutionem
888 505 1009 581 aspicit,
1030 506 1128 565 vitant

117 592 270 673 (viderit)
288 597 341 671 qui
362 606 433 670 post
449 595 506 654 hoc
522 602 650 670 quaeat
671 613 708 653 ac
729 593 849 652 dubitet
870 614 931 670 quo
947 615 997 654 me
1015 594 1129 654 adfectu

117 685 238 743 iusserit
255 684 336 742 virus
354 685 483 742 hanrira
515 686 569 759 qni
590 683 785 759 parricidium
800 687 891 744 vocat
907 684 990 759 quod
1012 703 1073 742 non
1088 683 1129 742 bi·
1150 703 1160 744 s

117 772 220 847 borini,
232 775 430 849 permissurus
447 774 517 846 fuit
534 774 561 831 si
578 772 679 831 hibera
692 773 861 832 voluissem.
892 791 1006 848 quaeso
1024 774 1129 849 itaquo,

116 863 237 935 iudices,
259 862 419 921 delationis
440 862 601 921 hodiernae
622 863 742 938 penitus
759 861 861 921 velitis
878 863 1048 939 perspicere
1065 880 1129 922 oau-

117 969 173 1011 eas.
210 951 325 1010 obicere
348 952 462 1026 putatis
480 950 676 1027 parricidium
696 953 816 1026 patrem
836 969 893 1026 pro
911 949 964 1010 se?
1001 953 1128 1024 necatur,

117 1040 228 1113 uritur,
258 1040 323 1098 sine
350 1038 441 1098 dubio
466 1043 634 1116 torquetur.
674 1041 770 1098 vitam
796 1058 833 1099 cx
859 1038 916 1100 hoc
941 1044 1046 1099 tamen
1073 1058 1128 1098 uon

116 1132 216 1203 potest
242 1128 319 1187 ferre
351 1129 432 1204 quod
456 1131 535 1188 mori
564 1129 660 1187 filium
686 1129 788 1204 iussit,
814 1147 869 1188 ncc
891 1128 993 1206 coegit
1021 1131 1052 1188 et
1077 1128 1160 1188 scita

116 1218 232 1276 facinus
254 1218 346 1276 fuisse
369 1218 401 1275 in
422 1218 553 1294 inperio,
575 1219 601 1276 si
623 1219 795 1277 innocentia
816 1217 967 1294 estquod
989 1219 1127 1279 manassi

116 1324 187 1364 suae
210 1306 290 1381 quod
318 1304 505 1364 crudelitatis
532 1310 593 1379 est,
617 1307 666 1365 vel
693 1307 732 1366 ab
758 1307 873 1365 invidia
900 1325 932 1366 se
959 1306 1127 1365 crimmum

115 1396 189 1453 meis
211 1394 358 1468 defendit,
380 1398 516 1470 excusat,
538 1398 570 1453 et
591 1415 629 1454 ue
651 1415 754 1454 vocem
779 1395 866 1454 illam
887 1398 1045 1471 tamquam
1065 1413 1126 1471 per·

116 1486 215 1542 actum
232 1483 348 1542 facinus
367 1483 499 1558 oderitis,
521 1483 678 1544 substituit
693 1503 749 1560 pro
766 1483 847 1543 malo
870 1487 957 1560 patre
980 1484 1125 1545 miseran

80 1573 165 1631 ahio
188 1575 242 1647 est,
264 1572 385 1647 iudices,
407 1573 606 1650 deprehensae
627 1574 793 1648 impietatis
815 1576 926 1632 aestus.
966 1591 1055 1632 nemo
1076 1590 1155 1632 nnn

116 1682 205 1737 qnam
218 1663 301 1722 volet
313 1664 501 1722 innocentem
517 1662 613 1720 filium
630 1661 727 1721 videri
742 1680 832 1738 quam
845 1661 978 1721 voluerit
991 1661 1125 1721 occidm.

182 1750 262 1810 Illud
281 1771 407 1828 quoque,
424 1751 545 1827 iudicas,
564 1769 583 1809 a
601 1751 751 1828 gravimta
768 1749 890 1825 publica
907 1753 991 1826 pcto,
1008 1771 1046 1810 ne
1063 1752 1124 1828 quis

115 1859 162 1898 rne
185 1842 260 1899 mon'
283 1841 412 1902 voluisse
435 1859 494 1900 non
516 1840 625 1900 credat
662 1840 876 1899 contumaciter
895 1838 1003 1914 adhuc,
1024 1840 1126 1916 prioris

116 1930 302 1989 constantiae
324 1947 408 1989 meaa
425 1949 516 2006 moro,
539 1929 693 1989 defendor:
716 1928 777 1987 alia
796 1932 842 1988 est
858 1927 934 1987 mihi
951 1931 1042 2004 ratio,
1063 1947 1126 1989 cum

116 2018 182 2076 vici.
221 2018 328 2077 fortior
351 2037 416 2077 snm
438 2037 505 2078 reus
528 2037 621 2094 quam
644 2017 806 2078 absolutus.
843 2017 894 2077 sed
917 2019 991 2078 tunc
1014 2021 1155 2078 tantuma

115 2126 170 2183 par
193 2124 254 2165 asso
275 2126 334 2166 non
357 2125 479 2183 possum
497 2106 720 2166 calamitatibus
738 2107 820 2182 mois,
843 2124 911 2166 cnm
928 2125 978 2165 ma
997 2110 1125 2167 constm

116 2196 214 2270 coepit
235 2195 310 2255 nihil
335 2195 417 2254 aliud
441 2214 611 2271 essequam
635 2197 783 2255 miserum.
819 2195 904 2271 bone,
927 2196 1012 2272 qnod
1031 2211 1124 2255 rursus

117 2285 234 2343 vocavit
256 2284 290 2367 in
315 2285 426 2360 forum,
453 2287 541 2344 iussit
568 2286 751 2363 integritatis
778 2303 865 2364 agera
888 2302 1026 2361 causam,
1051 2285 1124 2357 fecit,

117 2376 149 2430 ut
180 2373 252 2431 mihi
280 2373 384 2432 videar
415 2373 579 2451 perdidisse
609 2377 744 2434 mortem.
791 2373 817 2433 si
847 2372 985 2450 paenitet
1015 2376 1124 2452 patrum

114 2462 193 2539 quod
220 2481 267 2520 rna
296 2462 396 2522 bibare
424 2463 510 2522 iussit
536 2483 695 2537 venenum,
728 2481 783 2541 ago
811 2462 889 2521 ferre
918 2480 980 2521 non
1010 2475 1151 2540 possunt

186 2619 200 2666 1
221 2612 316 2667 viditis
337 2620 374 2680 ης
393 2613 502 2668 vidistis
521 2625 565 2667 W
642 2613 818 2668 contionali
897 2618 914 2666 2
933 2613 1005 2681 qnid
1024 2627 1064 2668 ao

115 2684 235 2737 sarcitum
254 2694 292 2751 33
312 2685 428 2739 exitium
448 2698 464 2738 s
554 2692 570 2739 3
590 2683 806 2739 absolutionem:
829 2683 1073 2740 absolutioncntae
1090 2692 1124 2748 13

114 2753 319 2809 absolutionem
338 2755 467 2810 voluntas
485 2766 506 2808 V
575 2755 689 2826 aspicit:
709 2754 822 2810 fastidit
842 2756 903 2811 oor.
960 2759 992 2811 et
1008 2757 1127 2812 vinmr

115 2826 251 2880 lvidarit
269 2826 332 2881 add.
354 2828 430 2883 Deae.
446 2845 476 2897 p.
492 2831 531 2882 88
598 2827 697 2895 quise
766 2843 811 2880 mc
830 2843 880 2881 om.
901 2836 923 2879 V
991 2826 1126 2883 ebibent

115 2905 173 2949 1111
232 2903 247 2950 a
267 2897 304 2963 εἰς
324 2885 377 2971 siti
397 2908 436 2965 113
455 2899 479 2953 si
497 2898 537 2952 ibi
557 2908 589 2952 M
649 2903 663 2950 7
683 2897 828 2951 dilationis
846 2906 908 2966 BV3
927 2897 1079 2954 delationis
1096 2914 1126 2953 ex

115 2966 279 3023 delectionis
295 2978 335 3034 1ης
351 2969 506 3024 delationes
521 2979 548 3023 Ρ
595 2974 612 3023 8
630 2985 682 3039 pro
697 2985 726 3022 sa
740 2991 774 3022 a:
794 2983 893 3040 pcrosc
907 2970 988 3025 Dese.
1001 2988 1030 3040 p.
1041 2974 1079 3025 99

114 3041 196 3093 sinant
211 3048 269 3105 ιινς
289 3043 420 3111 negatas
472 3043 689 3110 textosquetur
705 3050 727 3093 V
778 3045 812 3094 10
831 3056 886 3110 quo
905 3049 943 3107 Ι,
961 3058 1032 3096 corr.
1047 3063 1079 3095 m

113 3111 369 3165 morieotmoch
423 3118 454 3165 11
475 3113 571 3167 sivcv
621 3111 697 3180 qnod
710 3129 761 3166 om.
776 3121 819 3180 M3
838 3121 967 3180 quam?
1020 3118 1054 3167 12
1073 3127 1126 3167 cre·

114 3234 296 3318 dulitntieoJ
330 3236 385 3291 vel:
401 3237 519 3305 quoda!
562 3244 595 3291 14
610 3201 779 3291 subiituan
819 3200 1127 3306 miiurumnssepm

106 3348 141 3395 M
162 3324 311 3415 inpietatis
333 3352 358 3401 B
447 3359 621 3399 nonnosum
635 3360 678 3396 un
694 3358 762 3424 nam
778 3352 840 3409 Βῆ
864 3358 916 3397 nec
936 3359 1083 3414 nunqnam
1100 3348 1129 3396 Ι

98 3421 133 3469 m
153 3420 312 3475 innantem
333 3442 350 3476 a
407 3423 439 3474 11
462 3417 557 3489 quin
606 3419 879 3492 tisouisacom
918 3423 1097 3494 numana⁸

85 3493 306 3551 contumaciter
319 3506 346 3551 P
390 3494 508 3551 adhuc:
526 3490 579 3561 fol.
590 3491 654 3542 116υ
670 3485 808 3538 librarian
817 3485 916 3559 tostius
927 3480 1040 3555 sordine
1048 3485 1142 3544 mpii

81 3570 106 3610 V
158 3572 197 3623 19
222 3570 345 3627 convici
362 3579 395 3626 Ρ
447 3571 489 3624 ‘20
507 3563 627 3621 uanos
680 3559 719 3606 Ἃ
734 3545 926 3628 timuisti!
970 3549 1009 3592 ‘ll‘
1017 3550 1158 3594 ”mu
