2408 3840
83 165 146 229 110
395 164 530 219 'AEGER
547 162 773 218 aurumve?

81 334 182 392 stratis
200 330 365 391 auxilium?
399 334 510 392 faceret
527 334 583 392 hoc
600 336 687 409 pater
706 334 758 409 qui
775 327 919 390 redimere
938 332 1090 392 noluisset·

81 441 135 499 age
158 440 246 496 nuno,
267 421 456 481 vivacissima
478 425 625 498 senectus,
647 421 802 505 redeamus
826 420 865 479 ad
887 439 989 497 preces
1014 421 1091 497 quod

81 512 177 569 solum
194 511 239 570 vis
262 513 404 587 paternae
427 512 548 587 pietatis
572 513 715 588 agnoscit,
737 510 786 568 hic
805 528 923 586 quoque
945 529 1091 587 rogemus.

79 619 133 675 per
156 619 209 677 ego
224 603 276 675 te,
298 600 426 675 iuvenis,
451 600 519 659 illos
542 617 635 673 meos,
659 600 694 658 de
719 599 825 674 quibus
848 616 928 658 nunc
951 597 1091 674 quereris,

81 707 182 763 annos,
204 708 257 766 per
275 691 410 764 expertos
432 689 489 747 tibi
511 692 656 763 notosque
677 689 875 747 humanorum
893 688 1092 747 accidentium
1109 707 1126 750 's

81 797 179 852 casus,
205 797 259 853 per
286 777 413 836 infelicis
436 779 516 837 illius
539 796 640 837 manes
664 779 711 836 cui
733 797 789 836 nec
814 777 871 836 hoc
888 773 1002 836 ¹saltem
1026 796 1092 836 con-

80 867 164 943 tigit,
190 870 225 925 ut
251 868 281 925 te
304 869 436 942 reverso,
463 870 494 926 te
517 870 671 942 praesente
693 869 866 941 moreretur,
893 884 982 941 pasce
1006 885 1091 941 nuno,

80 957 160 1032 qued
182 959 212 1015 te
233 956 377 1015 redimere
395 955 485 1031 volui,
508 975 605 1031 pasce,
624 956 703 1032 quod
724 956 848 1014 fratrem
867 957 953 1012 tuum
972 954 1091 1014 redemi

81 1064 142 1103 non
166 1064 219 1121 ego
242 1045 447 1104 lassitudinem
469 1047 554 1104 tuam
575 1063 673 1122 posco,
696 1063 849 1120 nunquam
868 1045 964 1102 otium
984 1060 1092 1117 meum,

83 1153 136 1193 nec
159 1133 279 1208 etipse
302 1152 421 1193 securus
444 1134 619 1210 quietusque
641 1133 912 1212 transigamdiem,
936 1135 1007 1192 tuas
1026 1152 1128 1209 ope-re

81 1222 164 1280 ribus
187 1241 302 1296 manus,
325 1225 410 1281 tuum
431 1223 582 1282 laboribus
606 1223 729 1300 adsigna
752 1223 897 1282 sudorem.
934 1223 1092 1300 iungamus

82 1313 202 1369 mutuae
225 1311 347 1385 pietatis
371 1311 477 1386 officia,
499 1331 555 1388 per
576 1310 682 1386 flebile,
705 1330 760 1388 par
783 1311 920 1372 omnibus
944 1311 1092 1370 aetatibus

81 1401 309 1474 nominibusque
330 1400 531 1460 reverendum.
578 1403 622 1459 est
643 1401 729 1459 nobis
752 1402 905 1478 negotium
930 1418 999 1458 cum
1023 1399 1092 1459 civi·

81 1491 145 1547 tate
176 1489 341 1549 mitissima.
388 1493 499 1564 quanto
531 1489 671 1548 libentius
705 1488 830 1563 dabunt,
862 1507 930 1547 cum
962 1488 1093 1547 viderint

81 1577 195 1653 pariter
217 1597 335 1653 unaque
358 1580 480 1638 miseros
502 1581 607 1637 mutua
630 1578 844 1637 sustentatione
867 1575 1019 1637 conexos?
1063 1580 1092 1636 et
1104 1592 1126 1640 ’11

83 1685 136 1744 ego
161 1667 280 1741 quidem
301 1669 412 1744 rogabo
436 1667 488 1742 qui
511 1668 604 1741 soleo,
631 1666 736 1725 sedin
758 1668 826 1725 tuos
852 1667 934 1725 sinus
961 1667 1091 1743 populus

83 1760 224 1832 congerat
246 1758 345 1831 stipes.
392 1756 531 1832 quicquid
553 1774 667 1831 preces,
695 1754 837 1831 quioquid
863 1754 1091 1830 impetraverint

83 1845 223 1903 lacrimae
249 1863 345 1919 meae,
373 1846 485 1920 accipe,
514 1848 611 1920 tuere,
639 1845 784 1920 dispensa.
830 1863 884 1920 pro
916 1846 970 1902 tua
1002 1844 1090 1919 fama,

81 1953 135 2009 pro
158 1936 212 1992 tue
230 1953 296 1992 sum
318 1936 429 2009 pietate
452 1933 605 1992 sollicitus.
643 1952 697 2010 ego
716 1932 898 2007 mendicabo,
921 1935 956 1991 tu
978 1951 1090 2008 pasces.

154 2128 168 2173 1
193 2120 327 2175 noluisse
348 2122 401 2190 {ge
423 2129 462 2186 n,
489 2121 520 2173 a
542 2137 595 2175 ras.
620 2118 768 2174 aeneas
788 2119 814 2172 e
837 2104 1091 2184 renovamen

80 2203 111 2261 113
131 2191 267 2259 noluisset
285 2191 396 2261 epiloga
414 2208 465 2261 per
482 2192 656 2259 questionem
674 2191 736 2261 Age
753 2201 775 2244 V
825 2197 840 2244 2
858 2191 1052 2256 vivescissima
1066 2200 1093 2244 Β

82 2263 158 2317 3vis
177 2281 227 2318 om.
242 2272 281 2330 Β,
296 2273 410 2332 ¹sapae
495 2269 580 2331 4per
599 2276 680 2327 oms
765 2278 830 2332 ergo
849 2272 877 2316 P
959 2268 1090 2332 teuper-

80 2335 297 2457 cosissbioeoeque
314 2389 379 2456 (que
397 2404 432 2441 er.
447 2387 502 2440 tibi
524 2404 599 2455 supr.
614 2388 684 2456 c)15
763 2392 778 2440 6
802 2386 856 2440 hoc
872 2403 907 2440 ex
923 2386 976 2440 hos
994 2396 1025 2440 Β

82 2459 221 2528 contingit
238 2468 272 2524 Β,
291 2476 310 2510 n
329 2459 411 2512 dete
491 2460 554 2512 'let
570 2474 679 2513 reverso
697 2467 749 2512 BV
816 2473 912 2527 pasce:
931 2473 1019 2526 parce
1037 2465 1117 2515 ΒΙ,

82 2529 135 2600 (vel
153 2545 237 2599 parce
255 2529 330 2597 quod
347 2528 447 2582 melius
466 2531 509 2582 est
526 2531 567 2598 m)
635 2535 651 2583 8
669 2546 753 2599 parce
770 2538 831 2584 n
898 2533 915 2580 9
933 2545 1088 2598 nunquam:

81 2604 216 2669 tanquam
237 2600 297 2654 Obr.
372 2607 402 2652 11
424 2601 564 2654 sudorem:
583 2600 708 2654 laborem
726 2611 759 2668 Ρ,
779 2600 909 2654 sudorem
926 2617 1004 2668 supr.
1017 2623 1040 2662 p

83 2679 115 2725 12
129 2691 147 2743 p
162 2671 256 2725 flebile
274 2680 295 2722 V
336 2677 369 2724 15
384 2672 600 2725 sustentatione:
617 2671 841 2726 substentatione
854 2680 878 2723 J
930 2674 1093 2726 ccnectosv

83 2749 115 2796 17
133 2759 242 2811 preces:
261 2758 329 2810 prae
344 2759 416 2796 esses
430 2752 459 2796 Β
512 2748 544 2796 18
563 2742 640 2796 fama
654 2759 704 2812 pro
718 2745 768 2796 tue
781 2759 855 2812 supr.
871 2751 894 2794 V
945 2747 978 2796 19
996 2743 1088 2812 pascis

81 2824 109 2868 Β
126 2817 203 2884 (corr.
220 2816 247 2883 c)
266 2826 286 2865 o

152 2892 181 2986 ju
204 2902 301 2955 rnen
319 2901 546 2968 orruruuuu
563 2902 686 2956 necue
704 2886 894 2956 rannerus
914 2901 1088 2958 urrerem.
1112 2925 1116 2933 =

81 2991 178 3046 ruore
197 2990 371 3049 corrosus
388 2990 555 3045 Peomcrr
572 2991 653 3045 ress
670 2991 737 3045 usu
755 2991 846 3044 11111
860 2989 977 3046 cucur
995 3001 1025 3047 ι
1040 2992 1091 3047 ee

82 3083 129 3136 ea
147 3082 257 3150 scripta.
337 3063 1088 3144 urserouirrumurnucuaesonervs·

82 3153 1089 3237 urreremnuore-conponis-eaomorrmssusrusura.

83 3241 152 3296 cle
207 3241 275 3296 one
298 3251 320 3294 v
369 3239 532 3294 urrerem
550 3240 648 3295 neue
666 3240 859 3295 rennuere
877 3250 910 3294 ι
956 3240 1088 3310 expuere

82 3312 230 3441 21,AEng
226 3311 376 3453 ffitilieni
389 3327 455 3381 eger
467 3312 638 3366 redimentus
652 3314 728 3383 (εἰσί)
741 3312 846 3382 Incipit
858 3310 953 3366 Vades
967 3312 1052 3366 amici
1065 3320 1092 3377 1·
