2408 3840
403 153 636 208 DECLAMATIO
654 155 693 208 IX
707 160 819 208 20-22.
1052 154 1113 218 187

99 342 161 399 qne
184 342 245 381 non
272 323 369 382 solum
396 324 513 382 fortiter
536 323 587 382 sed
614 323 705 382 etiam
732 324 858 382 libenter
880 324 912 382 id
936 324 1014 399 quod
1041 325 1114 382 mihi

98 415 245 471 miserum
267 411 402 487 putabat.

169 500 229 560 Res
257 501 339 560 dictu
365 501 559 561 incredibilis:
590 502 740 579 gladiator
767 502 918 574 dimissus,
945 502 1115 578 redemptor
1128 502 1166 556 22

100 591 217 649 occisus
236 591 288 649 est.
325 592 436 666 recepit
454 592 572 665 pectore
591 591 714 650 adverso
733 591 853 663 ferrum,
872 593 902 648 et
921 593 1007 665 quasi
1026 610 1115 666 quam

75 678 261 739 remittebat
284 680 426 752 animam,
449 681 482 737 in
504 699 603 737 meum
625 682 727 755 pectus
750 679 983 754 transfunderet,
1007 681 1038 738 et
1059 681 1115 739 hoc

101 787 160 826 nno
190 769 287 826 tristis
315 768 459 827 occiditur
488 769 566 844 quod
595 770 722 845 amplius
756 770 883 827 amioum
910 770 1027 828 visurus
1055 788 1115 827 non

100 859 175 916 erat.
223 859 293 915 eant
315 876 393 915 nunc
416 859 607 932 antiquarum
629 858 795 916 conditores
818 857 987 920 fabularum
1009 860 1114 933 poetae

100 947 132 1004 et
159 964 192 1005 se
220 945 259 1004 ad
286 947 499 1005 exhortandam
532 948 680 1005 amicitiae
712 946 801 1004 fidem
832 966 942 1024 magna
970 947 1115 1023 quaedam

100 1036 303 1110 composuisse
335 1035 513 1094 carminibus
545 1037 665 1111 putent,
697 1037 723 1094 si
755 1035 884 1094 dixerint
916 1036 1030 1111 aliquos
1062 1054 1116 1110 per

61 1143 87 1184 ro
100 1125 200 1182 maria
226 1125 379 1198 terrasque
409 1126 588 1200 asperiorem
620 1124 772 1182 fortunam
802 1126 965 1183 amicorum
996 1126 1115 1184 tantum

101 1214 219 1272 secutos
244 1215 296 1271 aut
322 1215 487 1289 principem
511 1211 651 1271 Graeciae
674 1215 773 1271 virum
794 1215 827 1271 in
854 1214 999 1272 ultionem
1023 1215 1115 1272 inter-

101 1302 176 1360 fecti
204 1303 293 1360 amici
319 1303 507 1377 inauspicata
533 1302 612 1360 bella
635 1304 765 1380 gessisse.
811 1322 881 1360 nam
904 1304 983 1360 inter
1007 1303 1114 1360 fratres

101 1409 222 1466 quoque
244 1391 299 1448 illa
320 1393 448 1449 maxime
472 1391 669 1464 admirabilis,
696 1393 797 1449 tamen
821 1392 936 1450 alterna
959 1411 1038 1451 mors
1062 1392 1114 1450 est.

100 1499 163 1538 una
191 1479 314 1557 fingitur
341 1482 460 1553 coniux,
489 1480 651 1556 quodiam
678 1481 804 1555 perituri
826 1482 921 1538 vitam
946 1482 1049 1538 mariti
1071 1482 1115 1538 vi-

61 1589 87 1629 rs
101 1570 187 1627 caria
213 1570 308 1627 morte
336 1587 390 1627 sua
416 1569 586 1627 redemerit:
615 1569 800 1644 adiciturque
827 1570 971 1628 miraculo
996 1569 1115 1627 fabulae

101 1658 208 1716 fecisse
230 1658 286 1715 hoc
309 1676 383 1731 eam,
407 1659 486 1732 quod
508 1677 568 1717 non
590 1659 788 1733 praestitisset
810 1660 903 1733 pater.
942 1677 978 1715 en
998 1657 1115 1715 indubi-

100 1745 197 1804 tabile
220 1747 330 1804 saeculi
353 1746 440 1806 decus
464 1748 494 1805 et
515 1745 592 1806 fictis
615 1747 724 1806 maius!
748 1749 782 1806 ut
804 1749 969 1806 moreretur
990 1765 1045 1823 pro
1068 1765 1115 1804 me

102 1837 226 1908 amicus,
250 1853 335 1893 suum
357 1836 481 1910 reliquit
503 1837 627 1911 patrem,
653 1855 751 1894 meum
774 1838 855 1895 vicit.
897 1839 927 1894 et
950 1855 1020 1895 sane
1043 1835 1115 1910 quid

100 1924 265 2000 profuisset
296 1924 449 1983 festinatio
480 1927 589 2001 patrie,
622 1926 740 1984 etiamsi
770 1925 807 1983 ed
837 1924 1039 1983 redimendum
1068 1944 1115 1982 me

60 2033 88 2072 ro
100 2015 187 2089 prior
205 2013 282 2071 forte
300 2011 449 2073 venisset?
484 2014 541 2072 hoc
559 2033 606 2071 me
624 2015 720 2088 pretio
740 2033 825 2072 nemo
845 2015 921 2073 alius
934 2014 1114 2072 redemisset.

101 2120 200 2176 neque
227 2120 296 2160 vero
323 2103 486 2177 plurimum
513 2102 573 2160 fuit
598 2104 782 2178 praestitisse
807 2105 940 2160 mortem.
987 2120 1116 2175 namque

101 2192 226 2249 interim
249 2193 379 2266 specioso
402 2192 493 2250 titulo
515 2191 589 2249 bene
611 2193 676 2250 vita
697 2193 846 2268 pensatur.
891 2191 968 2248 illud
990 2192 1114 2249 honesto

102 2281 201 2339 amieo
225 2282 344 2357 gravius
363 2300 470 2339 nomen
489 2280 664 2358 gladiatoris
683 2282 823 2356 accipere,
847 2280 944 2338 subire
963 2279 1115 2338 dominum

101 2370 253 2427 lanistam.
291 2371 388 2428 minus
411 2372 450 2443 te,
473 2371 576 2442 amice,
599 2369 760 2442 laudarem,
784 2371 810 2427 si
833 2370 960 2428 vicisses.
1002 2368 1115 2425 anille

60 2476 87 2517 rs
103 2459 222 2517 animus
249 2458 359 2516 rediret
385 2460 418 2516 in
446 2459 596 2531 cellulam,
628 2459 719 2516 ferret
750 2459 898 2534 saginam,
929 2458 1115 2534 magistrum,

102 2565 262 2623 personam
289 2546 415 2621 denique
445 2545 582 2607 sceleris?
627 2566 693 2605 mea
725 2547 901 2624 depugnasti
929 2564 1031 2620 causa,
1062 2547 1115 2604 tua

102 2636 218 2711 peristi.
263 2636 335 2693 haec
362 2638 463 2694 tamen
491 2638 591 2694 omnia
618 2636 725 2694 ultima
751 2636 888 2695 fortunae
916 2637 1049 2708 nomina,
1081 2635 1117 2691 ut

102 2724 180 2782 mihi
202 2723 379 2798 detraheret,
401 2724 500 2783 induit
523 2725 587 2784 sibi.
629 2727 711 2783 venit
733 2726 765 2782 in
788 2726 928 2783 harenam
950 2724 1039 2783 homo
1062 2742 1116 2781 neo

176 2929 313 2983 amisero
336 2939 357 2980 ι’
413 2930 565 2983 iadverso
583 2932 696 2998 pectore
715 2939 735 2982 ι’
792 2932 831 2983 et:
851 2932 922 2982 ute
976 2930 1115 2997 spectus

101 3051 197 3089 meum
220 3045 241 3087 V
291 3037 320 3089 et
337 3049 418 3100 orosa
498 3036 571 3090 8ad
589 3053 638 3091 om.
655 3045 706 3089 BV
762 3001 946 3090 errhrirtandam
969 3045 998 3100 νς
1018 3036 1115 3088 exhor-

101 3106 222 3160 tandum
241 3119 268 3173 53
287 3108 477 3161 exornandam
495 3108 550 3161 Bc.
624 3109 775 3175 9putent:
795 3108 868 3161 -tent
887 3108 918 3159 io
936 3124 990 3160 ras.
1005 3115 1033 3158 Β
1092 3104 1117 3157 si

101 3195 151 3233 om.
169 3187 198 3230 Β
260 3183 293 3230 13
313 3179 482 3232 ammirabili
504 3189 526 3230 v
586 3184 619 3231 14
638 3178 739 3232 coniux
760 3188 781 3230 V
841 3193 913 3245 quae
932 3186 964 3229 Β
1022 3182 1055 3229 15
1074 3192 1116 3230 re-

103 3248 219 3302 dimerit
242 3258 283 3315 113
309 3251 458 3304 redimeret
475 3260 500 3304 J
588 3255 620 3303 16
645 3263 746 3312 eume
836 3255 868 3302 18
892 3251 932 3301 et:
959 3251 1001 3301 est
1019 3257 1047 3300 Β

103 3325 136 3372 21
162 3335 253 3388 neque
270 3336 348 3375 vero:
371 3337 406 3375 ne
425 3336 528 3390 quaero
548 3337 611 3374 vero
629 3330 657 3373 Β
732 3327 765 3373 22
790 3319 911 3388 spetioso
936 3336 968 3372 ex
991 3317 1115 3387 spatioso

103 3401 132 3444 Β
202 3391 373 3456 hauseras
452 3392 540 3445 vitam
558 3401 610 3444 BV
686 3392 802 3445 honesto
823 3389 912 3443 amieo
933 3401 961 3442 s:
981 3406 1037 3442 non
1056 3391 1116 3443 esto

105 3462 197 3516 amico
215 3472 273 3530 Βσς
296 3466 413 3517 nonest
434 3463 523 3516 amico
546 3473 591 3530 1⁷33
614 3479 669 3516 non
695 3462 862 3532 est{amico
883 3470 914 3512 M
1001 3466 1034 3514 25
1058 3476 1117 3513 ma-

106 3533 226 3602 gistrum
245 3544 272 3586 s:
292 3549 351 3587 -am
369 3547 415 3600 “5³3
434 3535 591 3589 ministram
610 3546 631 3588 o
