2408 3840
417 150 651 207 DECLAMATIO
669 150 799 205 1Χ1-3.
1049 150 1111 214 169

98 322 134 379 in
171 320 339 380 differendis
375 321 510 396 precibus
547 320 713 379 verecunda
749 321 908 378 cunctatio.
955 321 1006 394 qui
1042 320 1113 378 dum

98 413 219 486 tempus
252 411 466 485 opportunum,
497 409 599 468 faciles
632 409 743 482 aditus,
776 409 949 467 hilariorem
981 410 1114 467 animum

100 501 200 574 eapte,
218 499 339 557 interim
353 499 436 558 volui
454 517 605 573 superesse
619 500 666 556 oui
684 500 858 574 ignosceret.
888 516 982 572 neque
1000 497 1114 557 infitior

98 590 203 646 tamen
235 587 325 646 fuisse
352 607 400 646 me
431 587 588 646 lentiorem
616 605 706 662 quam
734 588 880 662 oportuit:
912 588 1032 647 tametsi
1058 588 1114 646 hoc

76 677 261 752 spraecipue
284 675 391 736 habere
414 676 517 735 videor
539 677 634 751 patris
658 677 762 734 simile.
809 675 859 734 sed
883 677 909 734 si
931 676 994 734 ulla
1017 695 1113 735 emen-

100 765 186 824 datio
208 767 410 840 paenitentiae
437 768 495 839 est,
522 765 571 824 hic
593 766 626 823 in
648 765 766 839 publico
790 763 874 823 vobis
899 764 1039 823 adhibitis
1067 784 1114 823 ro·

100 852 188 931 gabo.
224 873 285 912 non
308 874 362 931 ego
386 874 434 914 aes
459 855 589 913 alienum
611 855 729 911 luxuria
748 855 882 912 contraxi
900 872 954 912 neo
976 855 1114 929 profusus

99 946 134 1001 in
165 944 242 1001 vitia
278 944 398 1002 fortuna
429 946 532 1003 nostra
566 943 643 1001 mule
675 960 745 1001 usus
778 962 850 1001 sum.
902 942 1114 1018 redemptionis

100 1050 187 1090 meae
209 1034 340 1108 pretium
362 1032 461 1091 debeo.
508 1033 534 1091 si
560 1033 701 1108 impetro,
728 1032 901 1108 intellegam
924 1051 1027 1090 verum
1052 1050 1114 1090 esse

61 1142 87 1181 ro
101 1120 183 1196 quod
206 1121 328 1196 quidam
347 1123 519 1197 opinantur:
543 1121 734 1180 ambitiosum
756 1123 872 1196 patrem
894 1121 1045 1196 publicare
1063 1140 1114 1179 vo·

101 1210 194 1269 luisse
217 1209 320 1269 domus
347 1229 417 1269 suae
441 1209 686 1283 misericordiam,
713 1229 750 1268 ne
773 1209 946 1268 viderentur
970 1227 1114 1285 pauperes

101 1301 222 1357 tantum
240 1299 334 1373 vitam
357 1301 486 1358 inimicis
506 1301 566 1358 suis
586 1298 708 1358 dedisse.
746 1301 772 1357 si
793 1301 970 1375 perseverat,
994 1301 1030 1356 ut
1047 1317 1115 1375 por·

100 1389 199 1446 rectos
218 1389 318 1464 egenti
336 1388 415 1447 cibos
434 1407 500 1447 mea
520 1388 599 1447 fame
617 1387 769 1464 rependat,
793 1387 946 1463 expulsum
966 1387 1002 1446 ab
1022 1390 1114 1446 omni·

101 1476 157 1536 bus
180 1476 264 1536 bonis
283 1475 379 1536 filium
402 1478 530 1537 similem
547 1478 640 1536 faciat
662 1478 792 1551 inimico,
815 1495 926 1552 vereor,
948 1496 985 1535 ne
1003 1477 1115 1552 iniquis

61 1586 87 1625 15
102 1567 344 1625 aestimatoribus
371 1567 561 1642 inexpiabilis
588 1567 670 1625 illius
694 1568 724 1624 ct
747 1584 834 1642 saepe
860 1565 1031 1642 reprehensi
1054 1565 1116 1624 odii

101 1655 193 1730 culpa
215 1655 353 1713 videatur
374 1673 464 1731 penes
487 1657 603 1732 patrem
626 1656 679 1731 qui
701 1657 764 1713 tam
786 1655 874 1713 facile
896 1656 1043 1713 irascitur.

170 1743 281 1801 Verum
300 1747 388 1819 enim,
411 1747 437 1804 si
458 1745 566 1820 placet,
589 1745 726 1802 fortunae
749 1746 845 1821 magds
868 1744 999 1802 moribus
1023 1744 1113 1802 disse·
1131 1744 1150 1798 3

101 1832 172 1891 dere
191 1852 281 1908 quam
304 1835 379 1908 suis3
401 1835 520 1892 namet
542 1834 728 1909 paupertatis
748 1835 793 1891 est
810 1835 973 1908 proprium,
997 1832 1114 1909 quando

102 1922 165 1980 alia
183 1921 330 1995 deficient,
354 1941 469 1981 exerere
492 1922 661 1980 libertatem
680 1925 718 1997 et,
741 1922 811 1980 dum
830 1924 1015 1998 contemptus
1034 1923 1116 1980 fama

60 2031 88 2070 so
102 2011 227 2084 vitatum,
244 2013 426 2085 potentiores
440 2011 488 2070 vel
508 2010 663 2070 ambitiose
683 2011 837 2085 offendere,
852 2014 882 2069 et
900 2014 988 2070 nacta
1006 2011 1115 2070 bonam

102 2099 314 2158 conscientiam
345 2119 454 2178 magna
479 2101 600 2159 fortuna
626 2100 778 2177 indignius
805 2102 951 2174 imperem
978 2099 1114 2158 adversa·

101 2189 181 2245 rium
209 2189 331 2263 patitur.
378 2208 447 2266 ergo
480 2191 641 2262 conseruit,
674 2192 708 2247 ut
739 2190 827 2262 solet,
859 2206 943 2247 casus
971 2187 1115 2246 duratura

102 2277 222 2354 longius
246 2296 264 2336 a
286 2279 386 2353 parvis
409 2279 505 2337 initiis
528 2277 610 2351 odia,
636 2278 706 2335 dum
729 2278 938 2336 contumeliam
961 2277 1114 2336 humilitas

101 2365 222 2425 facilius
245 2367 402 2444 intellegit,
427 2367 556 2444 dignitas
580 2367 708 2444 gravius.
745 2385 840 2441 neque
858 2367 922 2424 ulla
939 2366 998 2424 fuit
1017 2385 1114 2424 aemu-

60 2456 178 2514 relatio
199 2486 241 2495 -
260 2474 335 2530 quae
356 2457 435 2514 enim
453 2475 515 2515 esse
538 2457 616 2514 inter
638 2458 757 2531 inpares
780 2453 900 2531 potest?
919 2487 963 2494 —
982 2455 1032 2514 sed
1050 2454 1114 2513 fato

104 2544 233 2619 quodam
252 2545 358 2604 similis
377 2564 412 2604 ex
435 2545 558 2604 diversis
577 2546 673 2604 causis
692 2546 851 2603 contentio.
891 2543 940 2602 hio
962 2543 1115 2603 irascendo

103 2634 241 2708 pertinax
266 2636 338 2706 erat,
361 2633 412 2691 ille
435 2635 467 2692 in
491 2633 618 2692 cedendo
643 2636 808 2692 contumax.
846 2652 1034 2708 quamquam,
1057 2634 1116 2692 nisi

174 2927 384 2995 hopertnnum
401 2935 429 2979 fl
499 2926 593 2980 aditus
614 2944 665 2982 oca
681 2937 714 2994 Ρ,
736 2944 811 2995 supr.
825 2949 846 2988 ρ
917 2926 1114 2993 4111111111,

101 3015 214 3052 corma
269 2996 405 3063 5111111,
420 2996 582 3051 velullam
637 2998 846 3067 6poenitentia
863 2997 924 3052 Obr.
980 3002 1013 3050 13
1033 3013 1115 3067 egen-

101 3069 139 3122 tis
153 3078 178 3122 J
222 3070 251 3121 et
269 3067 446 3137 expulsums
500 3068 694 3140 15Ξ11111111
745 3070 976 3138 11111ρ1ιΞ1ῖ1Ξ
990 3077 1114 3136 111111.

101 3161 132 3192 m
178 3139 340 3208 reprehensi
353 3139 412 3193 odii
432 3151 459 3193 s:
478 3140 656 3208 reprehensio
671 3141 706 3195 de
724 3163 747 3192 ω
798 3145 830 3193 17
849 3142 940 3210 magis
955 3140 1039 3193 debet
1057 3156 1115 3194 mo-

101 3211 179 3264 ribus
200 3219 231 3263 11
300 3210 441 3265 dissedere
464 3213 542 3267 Dese.
553 3216 642 3280 1297:
668 3212 803 3266 dissidere
827 3212 892 3280 (-id-
915 3215 947 3267 ic
968 3228 1022 3265 rae.
1038 3214 1073 3278 Β)
1093 3232 1114 3262 ω

104 3287 135 3335 19
156 3297 268 3336 exerere
283 3283 373 3348 Dese,
385 3283 444 3337 coll.
454 3287 499 3349 13,
510 3287 538 3336 6:
559 3299 686 3337 exercere
700 3306 723 3335 ω
778 3288 810 3336 21
829 3284 967 3352 imparem
980 3299 1030 3337 orn.
1045 3291 1067 3334 ν

102 3353 294 3436 adversarium
312 3371 346 3407 ex
363 3353 419 3407 -ius
438 3356 513 3423 (rus.)
526 3363 586 3407 ΒΜ
641 3360 674 3406 23
693 3353 864 3408 humilitatis
882 3363 934 3407 BV
989 3359 1022 3406 25
1041 3353 1116 3407 inter

102 3442 202 3530 ιῐ111111
225 3461 320 3528 potest
342 3475 401 3514 1111
424 3460 557 3529 (ineupr.
577 3462 778 3532 1111111111
868 3467 901 3514 27
926 3462 956 3515 in
977 3460 1116 3515 cedendo:

102 3529 222 3585 incendo
240 3540 279 3598 Β,
297 3530 471 3599 1111111110
490 3541 517 3584 Ρ
