2408 3840
287 175 289 179 ,
402 93 708 194 commemorns
725 139 772 193 1v.
790 138 823 193 v.
1053 138 1116 203 361
1144 143 1147 149 ·

101 307 275 368 censendus·
295 307 376 366 filius
408 307 460 384 qui
491 309 615 384 propter
649 308 776 366 salutem
809 306 904 383 patris
937 326 968 368 se
1000 307 1117 368 occidit

101 400 258 474 praeterea
276 396 468 457 consideratis
487 396 592 457 fatum.
629 416 782 472 nunquam
800 415 866 456 sum
884 415 1002 457 securus
1020 416 1117 472 neque

100 484 277 562 intrepidus.
317 486 395 545 mori
418 504 488 564 ergo
512 486 603 545 debeo
628 488 783 561 tamqnam
805 504 927 559 nocens,
955 485 981 545 si
1002 486 1116 545 mathe-

100 576 229 634 maticus
258 594 362 634 verum
392 574 479 650 dixit,
513 577 670 650 tamquam
699 574 802 648 miser,
835 575 861 632 si
889 574 1032 634 mentitus
1063 578 1116 634 est.

75 665 256 740 epraeterea
287 664 419 723 animum
441 663 536 722 habeo
569 663 721 723 occidendi
755 666 880 739 patrem.
922 663 1116 739 parricidium

100 755 202 812 autem
226 752 322 812 dictus
345 771 411 813 sum
439 752 581 812 facturus.
622 755 649 812 si
675 770 796 828 possum
823 755 893 828 post
919 754 993 810 haec
1015 755 1116 812 autem

98 841 215 916 vivere,
243 861 302 900 non
330 859 396 900 sum
423 842 577 915 innocens,
607 842 664 900 etsi
687 861 747 902 non
769 841 876 900 fecero.
917 843 1008 901 sentit
1030 844 1117 917 pater

99 932 216 1006 quanta
242 932 283 990 sit
309 930 455 1007 praedicti
485 931 603 990 sceleris
632 932 804 993 immanitas
833 933 863 989 et
891 930 958 991 ideo
986 932 1135 1006 temptat-

98 1018 229 1094 efficere,¹
247 1022 283 1078 ut
304 1020 548 1079 mathematicam
566 1021 661 1079 artem
685 1021 780 1079 artem
802 1039 862 1078 uon
885 1020 1004 1095 putetis.
1047 1038 1115 1078 oum

58 1129 85 1171 rc
98 1127 171 1186 ergo
194 1127 266 1167 vera
288 1109 349 1168 sint
370 1108 468 1185 prima
486 1108 577 1168 verba
597 1108 802 1168 mathematici
825 1111 855 1167 et
873 1109 935 1167 iam
953 1109 1117 1183 evenerint,

98 1199 217 1257 eveniet
244 1200 275 1257 et
300 1198 455 1271 ultimum,
485 1200 515 1257 et
542 1217 592 1257 ero
623 1196 789 1274 parricida,
819 1199 845 1257 si
874 1197 982 1258 vixero.
1023 1198 1116 1256 vitari

100 1289 202 1346 antem
224 1289 324 1363 potest
345 1287 506 1347 necessitas
531 1286 620 1346 huius
643 1287 713 1360 fati,
741 1287 768 1346 si
795 1304 874 1346 mors
897 1286 1116 1346 interfecimus

98 1376 307 1451 hominemque
336 1377 473 1452 ponatur.
521 1374 653 1435 vincitur
682 1376 762 1434 enim
790 1376 899 1450 fatum,
930 1378 956 1435 si
984 1376 1117 1450 resistas,
1154 1389 1156 1395 '

99 1463 207 1539 vincit,
234 1465 261 1523 si
288 1464 507 1541 contempseris.
552 1465 659 1523 melius
683 1465 775 1523 etiam
798 1468 855 1538 est,
883 1466 918 1523 ut
939 1464 1062 1539 moriar,
1090 1466 1116 1522 si

59 1573 85 1613 rs
98 1555 240 1614 innocens
259 1552 377 1613 iuturus
395 1573 469 1628 sum,
489 1572 580 1629 quam
598 1555 633 1612 ut
650 1555 760 1628 vivam,
779 1555 805 1613 si
823 1553 980 1631 parricida.
1021 1554 1116 1613 vultis

98 1643 174 1703 scire
198 1661 288 1718 quem
312 1641 436 1701 debeam
459 1645 564 1702 timere
586 1640 743 1703 victurus?
789 1645 903 1718 metuo,
929 1662 967 1701 ne
989 1644 1116 1719 patrem,

100 1731 172 1790 dum
195 1731 315 1806 morior,
339 1732 479 1791 occidam.

411 1961 447 2020 V.
477 1962 589 2022 11111111
611 1980 802 2024 1111111111.

167 2085 381 2162 Arqmneatcm
402 2106 429 2146 c.
442 2106 476 2161 p.
497 2089 548 2156 88,
568 2089 596 2146 7.
836 2149 838 2156 ,

57 2195 84 2237 so
166 2175 289 2254 Allegat
315 2178 430 2236 iuvenis
458 2195 559 2235 coram
584 2175 745 2235 iudicibus:
773 2176 809 2235 de
832 2195 879 2234 me
906 2195 967 2235 uon
990 2177 1115 2250 curavit,

99 2284 147 2323 me
177 2264 291 2324 dimisit
322 2267 355 2323 in
388 2265 515 2325 vinculis
548 2266 601 2341 qui
630 2284 746 2341 semper
778 2265 835 2325 sibi
864 2265 958 2324 bonus
989 2265 1114 2338 fueram,

99 2353 284 2414 luxuriosum
309 2347 436 2414 redemit
464 2356 517 2429 qui
543 2373 659 2430 semper
680 2355 777 2414 malus
804 2355 910 2413 fuerat.
956 2353 1116 2429 respondet

98 2444 198 2519 pater:
229 2461 352 2520 aegrum
373 2443 499 2518 redemi,
522 2445 627 2520 utpote
654 2445 750 2520 magis
773 2442 987 2517 miserabilem,
1016 2444 1047 2501 te
1069 2442 1114 2501 di-

99 2532 182 2606 111111,
210 2551 277 2591 cum
299 2535 458 2607 utrumque
486 2531 594 2592 habere
617 2551 677 2590 non
699 2551 829 2608 possem,
857 2531 1006 2590 confidens
1034 2529 1113 2606 quod

60 2624 224 2696 eapropter
246 2622 407 2680 sanitatem
429 2622 534 2681 melius
553 2622 645 2680 ferres
666 2639 811 2681 carcerem
834 2622 865 2680 et
886 2622 1009 2696 propter
1029 2619 1114 2678 boui-

99 2711 194 2768 tatem
216 2711 361 2769 maiorem
381 2710 561 2786 patientiam
582 2710 705 2770 haberes
727 2711 760 2768 in
784 2711 915 2770 adversis
939 2711 970 2768 et
992 2712 1115 2785 propter

100 2799 280 2875 sapientiam
297 2800 403 2859 melius
422 2798 510 2859 scires
524 2817 683 2875 procurare
701 2799 908 2860 liberationem
926 2800 1018 2857 tuam.
1059 2794 1115 2858 nec

99 2887 167 2947 ideo
186 2890 321 2963 sequitur
344 2888 423 2963 quod
445 2888 532 2946 illum
554 2889 622 2963 plus
646 2888 807 2947 dilexerim.
850 2907 884 2947 11
903 2887 1016 2947 duobus
1035 2889 1114 2946 enim

98 2975 201 3035 liberis
215 2980 354 3036 neutrum
367 2979 463 3055 magis
482 2980 564 3035 amat
578 2980 631 3053 qui
647 2977 769 3053 redimit
785 2996 914 3056 aeguum.
951 2978 978 3035 si
995 2978 1113 3052 sapiens

58 3067 190 3140 coesset,
213 3084 230 3124 o
253 3066 379 3141 indices,
408 3085 467 3125 non
496 3066 583 3126 debet
604 3067 681 3126 velle
705 3065 784 3142 quod
805 3066 976 3141 redemptus
999 3065 1113 3140 fuisset,

100 3155 151 3230 qui
174 3158 292 3214 tantam
314 3155 433 3214 laudem
460 3155 625 3231 adquisivit
651 3157 682 3214 et
704 3175 811 3215 nomen
838 3173 873 3214 ex
896 3173 930 3213 eo
958 3154 1037 3229 quod
1060 3172 1115 3230 per
1164 3177 1166 3181 ⁴

99 3262 185 3304 suam
208 3245 387 3320 sapientium
410 3263 440 3304 se
459 3262 477 3302 a
496 3263 612 3304 carcere
634 3246 761 3320 piratico
780 3243 927 3303 liberavit.
969 3261 995 3318 o,
1020 3261 1113 3317 quan-

98 3334 163 3393 tam
192 3333 312 3393 laudem
344 3333 540 3408 adquisierat,
570 3333 595 3393 si
624 3335 759 3410 pasceret
787 3335 916 3409 patrem,
947 3331 1115 3390 redemerat

98 3421 231 3483 fratrem.
272 3422 361 3482 redde
389 3441 473 3501 ergo,
500 3424 543 3481 mi
564 3423 622 3496 fili,
653 3441 728 3498 quae
751 3440 840 3499 posco
863 3421 1019 3496 alimenta3
1041 3440 1111 3479 nam

58 3530 86 3571 ss
101 3511 196 3571 debes.
238 3511 330 3572 vultis
354 3513 433 3571 enim
455 3513 543 3588 scire,
574 3511 682 3586 ofilii,
708 3515 853 3588 quantum
875 3510 991 3572 nomini
1011 3512 1116 3568 nostro
