2408 3840
406 138 640 194 DECLAMATIO
658 139 697 194 IV
711 144 806 194 9-11.
1071 141 1112 205 ’Π

102 315 178 373 lium
202 313 283 372 vices
305 311 338 369 in
360 309 494 370 ordinem
515 308 710 368 mortalitatis
733 311 821 369 natus
844 309 922 368 bona
944 311 1047 369 nostm
1070 311 1114 368 vi·

106 402 187 478 disti3
207 401 334 460 admitte
352 402 494 476 posteros,
512 398 582 458 oede
599 398 794 457 venientibus.
830 399 925 458 nescis
942 401 982 473 te,
1001 401 1114 475 quanto

105 489 359 564 diutiusvixoris,
380 489 466 548 tanto
489 488 584 566 magis
606 487 827 563 impatientiam
849 485 974 563 parere?
1019 507 1113 564 qaan-

104 579 244 639 tumlibet
266 580 463 655 prorogantur
484 579 629 652 tempora,
650 578 814 654 iungantur
836 579 959 651 aetates,
982 576 1113 652 quando·

79 688 160 745 sque
182 671 286 727 tamen
308 685 368 727 non
389 668 489 743 potest
507 685 566 725 non
589 666 669 724 exitu
686 667 783 740 perire
801 665 901 724 miseri
920 665 972 740 qui
989 666 1115 724 moritur

102 759 225 816 inritus,
252 757 369 815 miraris
382 755 463 831 qaod
481 773 619 831 suprema
635 772 703 813 mea
720 753 784 830 ipse
801 755 1003 831 praeeipitem,
1031 774 1115 813 num·

103 846 176 923 quid
201 845 282 905 enim
303 864 363 904 non
389 844 446 902 hoc
468 846 562 921 agrmt
584 843 696 922 singuli
718 841 802 902 dies?
847 846 943 903 omnis
965 861 1018 903 nos
1040 843 1115 901 hora

98 954 157 1012 per
183 935 293 994 taeitos
320 933 515 1008 fallentesque
543 950 644 991 cursus
676 933 810 1008 applicat
835 932 913 1008 fato,
940 934 972 992 et
997 932 1030 990 in
1058 932 1114 991 hoo

102 1024 280 1100 turpissima
309 1023 518 1099 perpetuitatis
550 1022 732 1099 cogitatione
763 1021 892 1080 districti
922 1041 976 1096 per
1008 1021 1115 1099 exigua

62 1135 91 1176 ιο
101 1113 274 1173 festinantis
302 1111 368 1171 aevi
393 1113 543 1170 momenta
569 1111 793 1186 praemorimur.
837 1110 982 1170 faciamus
1013 1111 1114 1186 potius

102 1203 141 1262 de
158 1201 218 1260 line
234 1201 405 1276 remedium,
424 1200 460 1258 de
478 1201 653 1259 necessitate
672 1200 824 1274 solacium,
843 1217 979 1260 exeamus
998 1201 1114 1275 sponte,

104 1290 243 1364 oonsilio,
273 1290 355 1366 pleni
386 1289 567 1363 securitatis,
600 1288 712 1367 gratim
745 1290 874 1367 agentes.
927 1289 1007 1348 solus
1038 1288 1115 1347 uixit

104 1379 205 1457 quoad
227 1379 334 1453 voluit,
357 1380 409 1453 qui
431 1378 507 1438 mori
529 1379 652 1437 mavult.

171 1467 342 1545 Indulgete,
365 1484 488 1543 quaeso,
509 1485 615 1526 saevae
637 1468 797 1542 tristesque
821 1485 939 1540 causae,
961 1466 1115 1544 indulgete
1130 1466 1166 1521 11

61 1560 241 1633 inuitatos,
263 1558 299 1615 ut
319 1556 396 1616 mori
417 1559 573 1631 tamquam
594 1575 703 1633 magno
726 1556 826 1614 animo
849 1557 947 1614 velim.
987 1556 1033 1614 ita
1054 1574 1115 1614 non

102 1646 217 1706 sufficit
237 1645 278 1704 ad
294 1645 487 1705 maturandos
509 1645 605 1705 exitus
628 1645 708 1720 quod
725 1644 846 1704 fortiter
863 1642 940 1704 feei?
980 1643 1115 1702 infirmae

102 1753 225 1812 prorsus
247 1737 439 1810 terrenaeque
461 1735 570 1793 mentis
584 1736 652 1808 est,
678 1736 713 1793 ut
734 1734 895 1794 numeretis
917 1751 1024 1808 annos3
1051 1750 1115 1810 ege,

104 1843 181 1901 quae
204 1824 376 1883 felicissima
397 1823 446 1882 vel
463 1823 608 1883 lassitudo
628 1823 676 1882 vel
698 1823 822 1882 satietas
841 1825 894 1898 est,
916 1823 1028 1882 virtute
1047 1840 1115 1881 oon·

103 1915 198 1973 senui.
236 1913 310 1989 quid
332 1913 428 1971 adhuc
449 1914 528 1984 inter
546 1912 711 1972 accidentia
733 1913 914 1989 fragilesque
933 1929 1017 1971 casus
1036 1909 1115 1989 ago?

62 2025 91 2065 ro
103 2004 194 2061 homo
211 2003 348 2078 receptus
366 2002 398 2059 in
420 2001 554 2077 publicas
577 2001 793 2080 gratidntiones
815 2000 1000 2076 praesentiae
1017 2001 1114 2059 humi-

102 2092 193 2150 litate
211 2090 352 2150 decresco.
389 2092 517 2149 minores
535 2090 610 2149 fiant
627 2108 744 2149 necesse
762 2092 808 2149 est
826 2090 1023 2148 diuturnitate
1041 2108 1114 2165 quo-

104 2201 172 2239 rum
194 2180 284 2239 initia
306 2179 514 2239 confirmavere
537 2197 700 2253 successus,
728 2198 796 2238 cum
818 2179 879 2237 iam
901 2197 954 2237 nec
977 2176 1114 2254 operibus

104 2287 159 2328 nec
181 2269 321 2328 felicitati
342 2271 436 2343 possit
457 2268 601 2328 accedere.
639 2287 705 2327 oum
723 2269 845 2327 fortuna
863 2286 947 2326 ruere
966 2266 1116 2325 dementia

104 2361 152 2418 est
178 2360 210 2417 et
236 2360 365 2416 aetatem
391 2358 509 2416 trahere
532 2360 711 2434 pereuntem.
756 2356 855 2415 nullos
883 2375 937 2434 ego
960 2373 1043 2415 senes
1066 2354 1115 2412 de·

63 2468 91 2509 as
104 2467 175 2525 gere
206 2447 322 2522 turpius
353 2448 427 2523 puto
457 2465 547 2522 quam
580 2447 632 2522 qui
663 2445 818 2505 fortissimi
850 2446 977 2504 fuerunt.
1024 2444 1115 2503 vultis

179 2602 213 2652 10
231 2597 353 2653 SCHOL.
364 2598 394 2652 in
407 2596 536 2651 LVCAN.
547 2602 632 2667 4‚4⁷8
647 2601 751 2668 (p.138
766 2598 875 2668 Usener)
890 2640 896 2651 .
909 2640 914 2650 .
927 2596 1017 2650 ‚unde
1030 2595 1115 2660 Quin-

105 2669 236 2724 tilianus:
255 2669 392 2723 faciamus
407 2668 442 2723 de
456 2669 510 2723 fine
524 2668 601 2740 (fune
615 2670 703 2740 codd.)
717 2668 879 2753 remedium,
898 2669 934 2722 de
947 2667 1115 2721 necessitate

104 2742 245 2794 virtutem.
284 2738 358 2794 solue
376 2740 454 2807 vixit
474 2741 567 2808 quoad
585 2739 683 2807 voluit
702 2741 751 2809 qui
769 2740 840 2794 mori
857 2739 967 2794 maluit.

179 2865 326 2919 3vixeris:
341 2865 474 2929 viceriss
518 2865 653 2919 bmisere
671 2875 692 2917 V
734 2865 888 2919 tinvictus
903 2873 935 2918 Μ
978 2865 1114 2932 lagimt:

105 2953 198 3019 agem
203 2945 241 3004 ιι,
260 2937 310 2990 del
325 2942 350 2991 et
368 2938 400 2989 ut
416 2953 492 3005 supr.
507 2957 538 2988 m
592 2952 687 2990 omnes
700 2945 760 2989 Rs!
775 2935 830 3006 (vel
848 2936 937 2990 omnis
954 2952 1030 3004 supr.
1045 2932 1116 3004 ιιι)β’

105 3007 278 3073 Stacitasp
349 3006 512 3062 tdestricti
529 3015 622 3071 Butae
695 3013 726 3061 11
750 3007 785 3061 de
803 3007 857 3061 fine
876 3005 1043 3060 remedium:
1067 3005 1117 3058 de-

105 3080 186 3134 finire
209 3079 333 3133 medium
356 3078 482 3150 (definire
503 3095 538 3134 ex
561 3077 685 3133 delenire
702 3080 739 3148 Β)
757 3089 808 3132 BJ
878 3084 910 3132 12
933 3077 1004 3131 vixit
1022 3077 1116 3147 quoad

106 3151 207 3205 voluit:
226 3150 351 3219 vixitque
370 3149 496 3204 advoluit
514 3159 541 3203 P
620 3154 653 3202 14
671 3150 807 3218 tristeque
825 3159 846 3201 V
923 3153 956 3201 16
976 3147 1115 3202 infirmae:

106 3223 252 3288 inmaeM
270 3221 431 3290 firsopm
487 3226 519 3274 17
537 3230 701 3289 prossus!
753 3226 785 3274 19
805 3220 886 3288 quui
906 3219 974 3274 dea
989 3228 1081 3275 raon

106 3312 131 3400 int
146 3356 175 3400 Β
179 3357 313 3415 propre
398 3351 430 3399 23
449 3361 501 3398 nec
520 3362 570 3399 om.
585 3354 618 3412 Ρ
641 3363 715 3415 supr.
728 3367 750 3408 ιι
836 3343 963 3399 accidere
981 3352 1045 3408 uva

106 3433 197 3472 ruere:
216 3433 310 3471 revere
328 3419 449 3487 (revera
467 3419 494 3486 o)
514 3425 552 3483 33
570 3431 633 3470 vere
653 3426 675 3468 V
742 3434 781 3471 aa
799 3416 956 3471 dementiae
975 3413 1046 3468 est?

108 3529 141 3577 24
159 3488 252 3579 trddre
275 3534 296 3576 V
362 3521 455 3576 nullus
467 3532 498 3575 Β
