2408 3840
137 146 203 211 344
429 143 579 198 malms
597 143 638 196 m
656 141 815 197 naman
832 141 859 195 n

138 314 273 373 omnibus
310 311 429 389 liquet?
482 313 620 371 iuvenem
652 313 765 371 cunctis
800 310 977 390 pignoribus
1012 313 1148 384 invisum,

138 402 275 462 omnibus
298 402 463 461 adfectibus
487 421 608 479 gravem
626 401 753 478 maligni
771 401 867 460 fecere
885 419 1042 460 sermones.
1081 400 1149 477 qnid

138 493 267 569 agimus,
291 489 409 550 anime?
433 490 681 566 quemadmodum
705 490 874 568 effugimus,
899 488 1076 549 evadimus?
1121 493 1149 548 in

137 583 224 639 tanta
244 580 369 639 infamia
387 581 465 638 nihil
482 580 588 654 facere,
612 579 758 639 credentis
777 581 830 638 est.
866 579 913 638 vis
931 599 979 637 me
998 579 1149 638 circumire

137 670 280 746 singulos,
303 669 464 728 reclamare
486 669 607 745 populo,
631 688 698 728 cum
715 686 833 727 rumore
854 666 968 726 rixari?
1004 671 1076 728 tuae
1093 668 1149 728 for·
1171 688 1181 729 s

137 761 226 818 tassis
249 759 419 817 infirmitati
437 759 594 817 conveniat
615 776 737 836 negare3
760 777 808 816 me
830 760 948 816 tautum
972 758 1081 817 fortior
1105 757 1149 815 ed·

139 849 229 907 sertio
252 849 335 906 unici
358 848 448 906 decet.
496 847 664 923 eripiendus
688 849 733 906 est
755 866 815 906 non
837 847 1028 906 contentione
1050 847 1149 906 verbo·

101 941 218 1011 hrum,
247 936 298 995 sed
320 938 355 994 ut
377 936 484 995 civitas
512 938 643 1013 stupeat,
671 939 705 994 ut
733 935 893 995 erubescat.
938 938 1082 1011 torquere
1105 955 1151 994 me

137 1026 235 1083 filium
263 1022 373 1101 putas?
417 1025 563 1084 invidiam
590 1025 668 1083 facio
696 1025 815 1100 populo.
861 1023 963 1084 videor
991 1025 1068 1083 mihi
1091 1025 1150 1083 illis

137 1114 308 1174 verberibus
334 1114 465 1173 lacerare
493 1113 617 1189 famam,
644 1113 706 1172 illis
733 1113 852 1191 ignibus
876 1115 1032 1191 increpare
1053 1133 1149 1173 rumo-
1162 1135 1184 1176 ιο

137 1224 207 1262 rem.
255 1204 389 1278 quaestio
418 1203 453 1261 de
480 1204 586 1261 infami
613 1202 675 1261 filio
703 1221 797 1261 unam
817 1203 964 1262 rationem
987 1202 1091 1277 habet,
1118 1205 1151 1261 ut

137 1293 243 1368 probes
261 1294 456 1351 innocentem.
495 1292 538 1349 dii
555 1292 637 1351 mala
659 1293 846 1367 prohibeant,
869 1296 903 1350 ut
924 1294 1043 1352 noveris
1066 1292 1150 1350 illum

138 1381 268 1440 dolorem
298 1400 356 1456 quo
383 1384 483 1458 potest
509 1384 648 1455 torquere
675 1380 771 1440 filium
797 1384 890 1458 pater.
936 1381 1013 1439 nihil
1036 1383 1082 1441 est
1108 1381 1149 1438 in·

137 1470 253 1529 felicius
280 1470 399 1530 homine
423 1470 470 1529 cui
498 1469 534 1528 de
556 1472 644 1529 unico
667 1488 720 1529 suo
748 1488 827 1530 mors
855 1470 919 1530 sola
944 1489 1006 1529 non
1033 1469 1149 1529 sufficit

136 1561 287 1632 iuvenem,
314 1560 346 1617 in
374 1561 456 1619 ouius
485 1561 583 1618 animo
612 1559 803 1636 perdiderant
829 1562 950 1618 nomina
977 1562 1082 1618 nostra
1107 1579 1149 1618 re
1163 1578 1184 1620 rs

138 1650 281 1723 spectum,
306 1666 393 1723 quem
412 1648 520 1708 cotidie
538 1667 655 1708 necesse
672 1648 854 1707 habebamus
873 1667 1012 1708 excusare
1030 1649 1150 1720 rumori,

139 1738 190 1811 qui
213 1739 367 1796 internos
391 1739 553 1796 formosum
576 1737 708 1796 malebat
732 1757 819 1815 agere
842 1757 933 1813 quam
955 1737 1066 1812 filium,
1089 1757 1149 1796 ver·

137 1826 256 1885 boribus
279 1827 457 1904 ignibusque
481 1827 656 1903 consumpsi.
702 1829 761 1901 vis,
789 1829 834 1887 vis
858 1828 932 1886 scire
955 1831 1072 1903 quanta
1093 1829 1150 1886 tor-

137 1919 305 1975 mentorum
334 1918 412 1974 ratio
442 1915 554 1974 fuerit?
599 1915 701 1975 debuit
731 1917 822 1975 etiam
850 1918 947 1975 tortus
979 1917 1083 1975 occidi.
1127 1915 1150 1974 si

137 2007 238 2064 tamen
262 2007 375 2080 utique,
398 2007 503 2080 mater,
525 2007 572 2063 vis
595 2005 668 2064 scire
692 2023 805 2079 causas,
827 2005 934 2064 leviter
959 2006 1040 2064 audi.
1086 2022 1149 2081 pro·
1162 2025 1183 2064 u

137 2094 299 2169 spiciebam
313 2097 403 2153 miser
420 2095 452 2152 in
471 2094 582 2172 grande
602 2094 778 2169 quandoque
797 2095 912 2154 facinus
930 2097 1150 2170 prorupturum,

139 2184 217 2256 quod
246 2185 306 2242 otio
335 2186 443 2258 vitam,
472 2183 551 2258 quod
579 2183 709 2242 desidem
738 2183 818 2241 domi
841 2183 988 2259 perdebat
1016 2185 1149 2242 aetatem.

137 2291 197 2330 non
219 2273 508 2350 peregrinationibus
532 2272 662 2331 excolere
684 2275 823 2347 mentem,
845 2292 905 2331 non
924 2274 1054 2348 experiri
1077 2273 1151 2332 mili·

137 2362 225 2435 tiam,
248 2380 308 2419 non
331 2365 478 2437 temptare
501 2361 609 2435 maria,
633 2380 693 2420 non
715 2380 785 2419 rura
808 2362 915 2435 colere,
943 2380 1004 2420 non
1029 2362 1149 2421 admini-

138 2452 232 2508 strare
250 2451 473 2526 rempublicam,
491 2470 551 2509 non
569 2450 675 2509 ducere
694 2451 815 2510 volebat
832 2468 961 2509 uxorem.
998 2454 1181 2526 praetereas

137 2540 270 2597 traxerat
293 2560 328 2597 ex
351 2539 555 2615 frequentibus
578 2539 826 2617 castigationibus
848 2539 981 2598 taedium
1005 2541 1103 2616 patris
1125 2544 1152 2598 et

137 2628 169 2684 in
198 2630 414 2687 execrationem
441 2629 500 2687 mei
529 2630 722 2704 conscientia,
750 2630 903 2704 quianon
931 2629 1153 2701 emendabatur,

209 2858 384 2920 3quaenam
402 2852 515 2906 modum
534 2861 586 2905 BV
655 2851 823 2906 bassertlor
841 2861 868 2903 Ρ
943 2852 1064 2906 emilii:
1084 2851 1152 2906 nihil

137 2932 165 2975 Β
235 2922 393 2987 illiserat
466 2930 498 2976 12
518 2923 665 2992 probatu!
729 2923 868 2977 innovaris
887 2932 908 2975 V
977 2930 1011 2977 15
1031 2924 1155 2988 incus

138 3053 170 3100 16
190 3047 344 3101 habeamus
368 3058 400 3111 rc
491 3055 523 3101 17
542 2996 664 3117 eddidit
682 3058 716 3114 B,
741 3064 809 3103 corr.
829 3058 854 3113 o,
879 3047 971 3117 peima
993 3015 1075 3103 iedat
1097 3050 1154 3103 ulia

136 3136 237 3173 monus
250 3121 368 3173 eiusdem
383 3121 510 3187 temporis
528 3122 560 3174 iu
574 3122 676 3174 lacuna
694 3129 715 3171 V
765 3136 862 3189 quam:
882 3120 959 3187 quod
973 3130 1000 3174 P
1054 3126 1088 3174 19
1108 3120 1154 3174 de-

136 3241 237 3296 buerat
252 3252 289 3311 M,
308 3243 352 3296 vel
371 3244 407 3297 -it
426 3261 500 3312 supr.
516 3266 548 3296 m
611 3245 684 3299 eiam
698 3254 726 3297 Β
792 3250 826 3298 20
844 3247 936 3299 mater
954 3263 1005 3300 om.
1028 3255 1049 3298 e·
1113 3246 1154 3299 vis

135 3317 260 3379 matera
325 3321 357 3367 21
377 3318 594 3385 praempturum
617 3326 672 3384 m,
691 3316 735 3370 vel
753 3333 804 3384 pro
813 3337 855 3414 5m
921 3321 955 3370 22
975 3317 1010 3371 de
1030 3333 1061 3371 se
1079 3317 1154 3372 idem

116 3470 177 3515 BV
239 3451 397 3539 daetatem
418 3473 446 3519 Β
517 3467 553 3517 ‘ll
573 3459 669 3515 colore
690 3465 714 3508 Β
765 3459 804 3506 ‘lt
821 3430 960 3517 {educere
975 3463 1004 3503 u
1059 3465 1099 3507 aa
1114 3475 1162 3508 ἣν,

108 3536 142 3591 ⁶3
156 3547 217 3609 Ββς
235 3558 290 3597 om.
311 3550 349 3596 M
406 3545 442 3596 21
461 3531 672 3602 conscientia}
686 3535 715 3580 111
771 3537 831 3588 qua
841 3530 899 3580 aaa
951 3519 1177 3570 amorrhaeum
