2408 3840
469 124 684 180 PRAEFATIO.
984 123 1087 177 XXVII

137 295 294 369 Perpensis
319 295 359 352 eis
385 313 460 369 quae
485 313 575 369 supra
606 296 809 371 exposuimus,
840 297 966 371 apparet
989 312 1089 352 recen-

69 386 185 443 sionem
203 383 455 442 declamationum
469 383 526 441 niti
541 384 690 443 codicibus
704 388 768 442 BV
786 387 816 442 et
830 388 897 455 PS,
916 383 960 441 ita
979 385 1090 456 tamen,

69 478 104 531 ut
122 475 221 532 locum
239 475 369 549 priorem
387 475 510 531 teneant
522 477 594 531 BV.
635 473 739 532 multis
758 473 831 532 locis
844 477 871 531 B
887 474 966 531 solus
986 492 1090 530 verum

68 564 131 621 sive
165 563 298 621 servavit
329 563 391 620 sive
424 562 600 620 facultatem
631 562 754 637 praebet
786 561 850 620 veri
879 560 1090 638 investigandi.

68 652 178 727 quibus
202 671 237 709 ex
259 651 343 709 libris
369 651 547 710 varietatem
571 650 713 710 adnotavi
738 652 895 729 integram.
936 653 1090 726 praeterea

67 729 214 799 lectiones
235 742 387 818 graviores
416 740 551 799 codicum
573 745 672 800 ΜΗ]
695 739 810 814 addidi,
838 739 991 816 quianon
1015 739 1090 797 nihil

67 831 173 891 valent
187 829 225 888 ad
238 829 473 904 recuperandum
487 829 684 905 archetypum
703 830 836 888 familiae
851 852 879 888 α.
920 847 973 888 nec
992 828 1089 886 minus

68 922 111 978 eis
139 919 312 978 illustratur
341 918 590 994 quemadmodum
621 918 776 977 hominum
808 918 964 978 doctorum
999 917 1091 976 medii

68 1011 138 1068 aevi
167 1027 254 1084 opere
286 1012 375 1083 atque
403 1008 502 1067 studio
532 1011 630 1066 textus
661 1010 692 1065 in
720 1007 849 1068 deterius
879 1009 1014 1066 mutatus
1042 1007 1089 1064 sit.

68 1097 174 1156 eodem
205 1097 329 1156 consilio
366 1116 487 1155 manum
520 1098 645 1156 alteram
681 1117 798 1173 quoque
835 1096 1092 1171 Montepessulani

67 1187 233 1262 apparatui
254 1187 374 1244 inserui.
416 1185 493 1244 unde
517 1186 548 1244 id
573 1205 690 1262 quoque
713 1187 874 1260 lucramur,
899 1190 934 1245 ut
956 1186 1090 1244 familiae

65 1300 85 1356 y
110 1276 245 1350 exempla
269 1277 406 1334 omittere
429 1276 516 1334 licuit
542 1279 662 1351 praeter
688 1295 798 1351 paucos
824 1276 892 1334 illos
916 1277 1010 1348 locos,
1040 1274 1091 1332 ubi

67 1367 143 1424 locis
162 1365 326 1440 desperatis
346 1369 400 1423 aut
418 1365 546 1423 medella
565 1365 659 1424 allata
678 1372 723 1423 est
742 1368 795 1423 aut
814 1364 908 1424 allata
927 1383 989 1424 esse
1009 1364 1090 1422 vide-

67 1454 167 1514 batur.
219 1473 253 1512 ex
285 1455 372 1530 copia
403 1455 521 1531 ingenti
553 1455 804 1528 coniecturarum,
840 1454 1090 1527 emendationum,

67 1545 312 1603 observationum
336 1562 354 1601 a
376 1545 448 1602 viris
472 1543 567 1602 doctis
585 1545 618 1601 in
639 1543 819 1602 editionibus
838 1562 934 1618 usque
959 1544 996 1601 ad
1014 1543 1090 1600 Bur-

67 1652 212 1692 mannum
234 1633 420 1708 prolatarum
443 1651 591 1708 perpauca
620 1635 796 1710 eatantum
819 1633 895 1709 elegi
926 1631 1035 1708 quibus
1058 1651 1090 1690 re

67 1742 141 1782 vera
164 1721 429 1780 declamationibus
452 1722 504 1779 lux
525 1722 655 1780 affertur.
697 1721 879 1799 farraginem
899 1725 1000 1779 autem
1022 1721 1091 1779 reli·

69 1830 161 1887 quam
181 1813 231 1886 qui
250 1829 426 1888 cognoscere
446 1813 538 1887 cupit,
561 1811 681 1870 evolvat
702 1810 898 1870 Burmanni
921 1811 1090 1883 editionem,

67 1901 121 1958 ubi
149 1899 249 1958 omnia
281 1900 336 1958 illa
367 1903 507 1977 congesta
537 1897 627 1975 atque
657 1901 804 1975 disposita
834 1901 975 1959 inveniet.
1014 1918 1090 1975 quae

66 1992 138 2065 post
170 1990 376 2047 Burmannum
407 1988 446 2047 ad
478 1988 677 2048 emendandas
710 1990 941 2049 declamationes
971 1990 1091 2065 prolata

65 2083 140 2138 sunt
163 2081 309 2152 quantum
331 2080 364 2136 in
393 2080 509 2137 textum
531 2080 626 2153 recipi
652 2099 712 2137 non
737 2082 913 2155 potuerunt,
943 2081 976 2136 in
1000 2079 1089 2136 adno-

68 2170 185 2227 tatione
209 2169 313 2226 critica
331 2168 482 2226 adnotavi.
524 2169 587 2242 ipse
611 2186 707 2242 pauca
726 2171 836 2227 novavi
857 2188 953 2244 neque
972 2167 1004 2225 id
1027 2167 1090 2226 sine

65 2257 202 2317 consilio.
251 2257 357 2315 melius
392 2259 472 2316 enim
506 2275 597 2331 quam
632 2259 729 2331 primo
766 2260 888 2332 aspectu
921 2256 1090 2331 credideris,

68 2346 324 2404 declamationum
350 2345 442 2404 verba
466 2345 581 2404 tradita
606 2350 682 2404 sunt.
727 2346 897 2405 accuratius
924 2349 1002 2404 enim
1025 2365 1090 2404 sen·

68 2437 234 2494 tentiarum
265 2455 343 2493 nexu
372 2437 527 2510 perspecto
565 2438 595 2494 et
626 2436 742 2494 ratione
775 2436 879 2494 habita
911 2454 971 2493 non
1002 2435 1090 2493 modo

69 2528 239 2600 corruptae,
269 2527 306 2583 ut
331 2526 376 2582 ita
404 2523 513 2598 dicam,
544 2524 795 2584 declamationum
824 2525 1011 2600 eloquentiae
1040 2523 1091 2582 sed

69 2616 161 2672 etiam
183 2613 326 2689 loquendi
348 2631 419 2672 usus
447 2613 499 2688 qui
527 2633 617 2688 quam
645 2614 866 2673 accuratissime
890 2612 1090 2672 observandus

69 2706 160 2777 atque
193 2721 228 2761 ex
257 2703 375 2778 scriptis
406 2721 482 2777 quae
512 2703 670 2780 indulgent
699 2705 829 2763 sermoni
858 2702 991 2780 vulgari,
1022 2702 1090 2759 illu·

67 2791 211 2850 strandus
226 2784 313 2870 est1),
332 2791 491 2874 apparebit
504 2791 614 2851 multas
632 2811 734 2850 earum
753 2792 994 2851 emendationum
1013 2809 1090 2866 quae

68 2880 249 2940 videbantur
276 2898 339 2939 esse
362 2882 443 2940 lenes
471 2901 503 2939 re
529 2900 599 2939 vera
629 2882 708 2940 leves
739 2900 811 2940 esse.
853 2901 945 2957 quam
967 2881 1003 2939 ob
1027 2900 1091 2938 rem

68 2989 169 3029 meum
186 2972 308 3028 tantum
327 2973 392 3028 erat
410 2971 466 3028 hac
484 2971 516 3028 in
535 2970 665 3029 editione
684 2971 819 3030 codicum
837 2970 979 3029 lectiones
999 2988 1091 3046 quam

67 3061 293 3118 accuratissime
316 3060 449 3134 proferre
476 3063 566 3135 atque
590 3078 693 3118 earum
721 3060 833 3119 auxilio
858 3063 1003 3135 quantum
1027 3059 1091 3118 fieri

67 3148 178 3224 potuit,
201 3148 326 3207 maculis
350 3148 473 3208 detersis
492 3149 666 3224 mendisque
686 3148 791 3208 deletis
811 3151 913 3209 conari
931 3151 1091 3224 pristinam

68 3240 168 3296 textus
201 3237 326 3296 formam
357 3256 539 3314 recuperare.
589 3258 623 3296 ea
651 3241 776 3298 utantur
806 3239 859 3297 alii
887 3241 977 3315 atque
1006 3257 1090 3297 accu-

66 3327 164 3385 ratius
187 3327 417 3402 intricatiusque
441 3329 588 3402 quantum
616 3329 713 3387 adhuc
736 3328 801 3387 fieri
824 3328 937 3404 potuit,
965 3331 999 3386 ut
1023 3348 1091 3387 con-

72 3437 287 3445 *ψ-

144 3499 170 3567 1)
190 3497 329 3564 quaedem
348 3496 404 3550 alio
421 3496 483 3552 loco
502 3515 567 3554 mox
585 3516 632 3557 me
649 3499 836 3573 prolaturum
855 3517 921 3559 esse
939 3515 1038 3571 spero.
