2408 3840
363 120 597 177 uucmnmno
615 121 641 175 u
656 127 768 176 u-re.
1028 123 1074 189 35

60 290 168 349 virinus
196 290 238 349 sit
264 308 381 349 necesse
408 293 454 350 est
480 292 564 350 cuius
590 291 736 366 impetum
762 310 822 350 non
848 290 953 369 regitis
980 293 1072 367 ocuti3

62 397 118 438 nec
137 381 234 455 possis
257 379 405 438 custodire
424 379 606 439 destinatum
629 380 707 439 ferro
730 381 836 455 locum,
860 379 931 439 dum
953 381 992 440 ed
1014 382 1073 440 ccl·

64 467 215 545 ligeudum
250 468 383 528 vulneris
417 469 532 544 pondus
568 468 706 527 dexterae
742 469 837 527 redire
878 471 1070 544 permittitur.

63 561 160 616 utrum
180 556 287 615 deinde
308 556 425 617 iuvenis
448 560 516 634 post
534 558 642 616 vulnus
660 578 752 616 unum
771 558 912 618 continuo
931 559 1010 635 fugit
1031 590 1069 601 -—

36 649 90 706 set
108 645 359 720 quemadmodum
377 647 442 720 scit,
462 665 500 704 su
519 648 633 706 fucinus
652 645 835 723 expleverit?
849 678 893 686 —
912 665 950 705 un
971 650 1071 723 potius

60 737 212 811 expectat,
239 737 274 793 ut
297 734 335 794 de
355 735 514 810 psnicidio
543 735 680 794 cadaveri
708 734 830 795 credet?
875 753 940 794 ecce
963 737 1072 794 iterum

58 843 112 900 per
135 823 241 882 eudem
257 824 377 882 incerta.
389 824 571 883 redeundum
591 827 644 897 est,
667 826 767 883 omnia
785 843 888 883 rursus
906 825 1071 900 periculose

58 912 237 989 temptanda
268 902 422 972 venientis
452 913 541 972 fidem
575 917 718 988 vestrum,
754 913 880 987 iudices,
916 916 950 972 ut
986 913 1071 972 nobis

58 1003 156 1078 prosit
180 1004 389 1078 argumentum
417 1002 548 1061 criminis
576 1004 684 1078 nestri,
711 1021 815 1062 caecus
843 1002 869 1062 si
895 1020 949 1061 nec
971 1002 1072 1061 venire

24 1111 47 1151 ιο
60 1110 114 1150 nec
136 1090 248 1149 reverti
266 1091 329 1150 sine
352 1093 479 1167 strepitu
501 1093 608 1167 potest,
631 1111 728 1167 neque
745 1092 787 1150 sic
808 1091 939 1151 occidere
962 1092 1071 1167 potuit,

59 1183 94 1238 ut
118 1179 268 1255 deciperet
290 1197 455 1238 novercam.

126 1269 183 1343 Te,
211 1270 241 1326 te
267 1268 323 1326 hcc
349 1268 427 1342 loco,
455 1269 569 1343 mulier,
596 1270 749 1345 interrogo
778 1286 852 1343 quse
880 1272 943 1328 tem
971 1270 1072 1345 gravis
1086 1269 1122 1324 18

60 1357 156 1432 quies,
177 1358 212 1414 ut
234 1358 264 1414 te
287 1375 368 1416 mors
389 1359 452 1415 tam
474 1357 573 1417 vicine
594 1377 654 1416 ncn
678 1355 805 1416 excitet?
846 1358 980 1433 parvulis
1002 1377 1070 1417 noc-

59 1447 137 1504 tium
165 1446 320 1504 turbemur
352 1447 483 1520 offensis,
516 1447 646 1505 excitant
677 1465 730 1505 nus
767 1446 867 1522 exigui
897 1447 1072 1522 plerumque

26 1555 46 1596 u
60 1538 174 1609 motus,
197 1553 256 1594 vox
280 1536 394 1594 incerta
415 1536 592 1612 longinqua,
620 1538 650 1594 et
673 1534 833 1609 aliquando
860 1535 959 1610 ipsum
983 1536 1070 1594 silen-

60 1626 145 1683 tium.
192 1623 312 1682 illorum
338 1642 408 1682 eune
435 1625 519 1682 iuxta
546 1627 577 1684 te
604 1642 741 1701 suprema
770 1643 829 1682 non
858 1625 968 1683 sentius
997 1643 1070 1699 quos

60 1716 198 1773 senectus
225 1713 441 1790 languoresque
464 1711 649 1773 dissolvunt?
694 1713 822 1772 hominis
846 1713 898 1788 qui
921 1715 1000 1772 ferro
1024 1732 1070 1772 oc·

60 1801 180 1877 ciditur,
199 1802 401 1860 tumultuatur
419 1804 514 1861 exitus
529 1805 559 1860 et
577 1802 683 1861 similis
697 1804 742 1861 est
755 1804 944 1879 repugnanti.
977 1801 1070 1877 quid?

59 1890 140 1965 quod
172 1908 289 1950 necesse
321 1893 366 1949 est
393 1890 476 1949 nullu
507 1909 586 1949 mors
616 1891 780 1966 inquietior
808 1892 848 1950 sit
875 1910 965 1967 quem
993 1909 1069 1966 quue

19 2001 45 2041 se
58 1979 164 2039 statim
191 1982 258 2038 tote
284 1977 348 2038 est?
393 1999 464 2038 nam
491 1979 571 2054 quod
598 1979 745 2038 dormiens
777 1982 889 2039 occisus
922 1982 978 2054 est,
1009 1999 1069 2039 non

58 2071 105 2128 est
123 2067 205 2143 quod
223 2068 265 2128 sic
284 2070 457 2144 aestimetis,
478 2071 633 2144 tamquam
651 2088 704 2145 per
721 2069 805 2127 illum
824 2071 956 2144 quietem
973 2071 1069 2128 trans·

57 2159 129 2216 ierit
156 2157 189 2215 in
216 2160 350 2215 mortem.
396 2158 435 2216 sit
462 2157 576 2234 aliquid
602 2176 719 2217 necesse
747 2161 792 2216 est
823 2158 902 2216 inter
934 2176 1069 2232 soporem

57 2248 244 2321 mortemque
261 2246 401 2320 medium,
422 2265 475 2305 nec
493 2249 592 2323 potest
609 2247 694 2324 iungi
711 2229 796 2304 tcn‘te
815 2246 981 2319 diversitas
1000 2265 1069 2304 cum

57 2336 99 2394 sit
122 2353 242 2394 somnus
260 2335 324 2410 ipse
346 2353 415 2410 pars
435 2336 522 2394 vitae.
559 2355 619 2394 non
636 2335 765 2394 multum
782 2335 914 2408 interest,
938 2336 1069 2408 quietem

15 2427 192 2486 mnostrum
222 2423 301 2482 ratic
332 2424 412 2483 vitae
444 2427 566 2506 rumpat
598 2443 636 2482 an
667 2424 779 2482 mortis.
835 2424 985 2481 hominem
1017 2424 1069 2497 qui

56 2513 207 2572 dormiens
230 2513 382 2587 occiditur,
405 2511 470 2588 ipsa
493 2531 574 2572 mors
598 2515 715 2572 excitet.
753 2531 824 2571 sune
847 2531 906 2571 non
929 2511 1068 2570 habuerit

56 2619 227 2678 supremam
245 2619 356 2676 vocem,
379 2601 469 2660 hebet
486 2601 589 2676 utique
611 2600 834 2678 palpitationes,
856 2600 947 2660 habet
969 2602 1067 2659 motus

55 2693 88 2750 et
112 2690 254 2765 quicquid
275 2692 357 2749 totus
379 2691 507 2750 lectulus
530 2690 612 2749 sciat.
659 2693 688 2749 et
711 2690 843 2766 quando,
865 2691 981 2764 mulier,
1004 2690 1067 2748 seni

54 2784 110 2839 tuo
134 2779 272 2839 blandius
294 2779 432 2855 inplicita
453 2778 596 2838 iacuisti?
632 2780 722 2838 sicine
746 2779 856 2838 dormis
880 2798 956 2854 quse
979 2777 1066 2837 modo

130 2991 145 3038 1
163 2985 275 3056 regitis:
293 2984 391 3054 registi
413 2994 435 3037 V
502 2990 518 3036 4
537 2984 649 3068 cotinuc
672 2994 693 3037 V
761 2990 776 3038 8
795 2983 965 3038 venienieuti
984 2992 1016 3036 M

54 3092 214 3178 9νᾶἒωὶ
232 3111 409 3180 ereptum!
488 3116 519 3163 11
540 3072 694 3178 de⁰1iutn
775 3114 806 3162 13
825 3095 918 3162 vicinc'
937 3117 964 3160 B
1021 3123 1066 3160 ex-

53 3217 170 3271 citsts
243 3221 277 3269 14
299 3198 491 3269 turbamitfss
563 3219 595 3268 15
618 3217 721 3270 motus:
745 3217 852 3268 mortus
873 3224 900 3267 Β
971 3218 1003 3266 18
1021 3215 1066 3266 tu-

51 3288 193 3343 multstur
210 3296 263 3341 BV
329 3287 513 3357 repugnantis
532 3295 564 3339 Μ
633 3292 667 3339 22
691 3287 739 3340 sit:
764 3287 804 3339 sic
824 3295 866 3348 Py
938 3290 971 3336 24
991 3283 1064 3352 ipse:

52 3363 136 3429 ipsse
153 3367 182 3412 Β
251 3359 380 3412 interest:
399 3360 443 3412 eet
460 3358 534 3412 inter
551 3367 576 3409 J
644 3363 677 3411 25
696 3359 821 3427 rumpat:
841 3357 970 3424 erumpet
984 3364 1016 3407 Μ

53 3437 89 3485 28
115 3429 190 3484 seni:
220 3429 283 3484 sinu
308 3438 336 3482 Β
437 3430 496 3483 seni
526 3431 575 3482 tuo
604 3428 749 3482 blandius:
781 3428 804 3481 si
833 3429 908 3482 nutu
934 3425 1076 3482 bituitus

53 3506 135 3569 (corr.
149 3504 191 3570 m)
210 3510 242 3554 Β
