2408 3840
141 154 184 218 36
478 151 614 207 cursous
633 151 673 205 ΙΝ
690 150 818 204 annua

140 321 270 381 turbasti
292 324 389 380 totam
412 319 552 380 domum?
580 323 662 379 cuius
690 321 845 397 privignus
873 319 1035 395 parricida,
1062 320 1156 378 miser

142 415 187 470 est
209 408 356 468 maritus?
402 429 438 468 en
466 429 531 468 ecce
555 409 696 468 vitalibus
724 409 820 486 ruptis
843 409 875 466 in
903 409 1055 484 amplexus
1086 411 1155 467 tuos

143 500 304 558 effunditur
331 518 425 573 cruor,
453 502 483 557 et
509 500 626 576 fugiens
653 518 707 575 per
728 499 836 558 vulnus
865 497 965 556 anima
992 499 1057 575 agit
1084 499 1154 556 aute

143 608 173 648 se
196 588 358 662 anhelitus,
385 589 449 666 agit
473 589 573 646 crebra
596 587 731 662 suspiria.
778 607 814 645 en
837 587 948 644 iterum
975 587 1080 664 largus
1103 586 1154 644 ille

143 677 263 755 sanguis
290 676 368 735 circa
395 679 463 735 tuos
492 677 616 734 duratur
643 678 740 751 artus,
770 675 924 752 stringeris
953 675 1155 734 deficientium
1179 697 1190 736 s

142 767 240 844 rigore
258 767 465 824 membrorum.
498 784 558 824 non
578 765 713 839 moveris,
735 783 796 823 non
815 764 993 840 expavescis
1017 763 1068 823 sed
1088 764 1155 823 dor·

142 856 198 914 mis
222 874 275 932 per
301 857 348 914 tot
371 852 580 914 diversitates?
626 872 684 912 non
707 852 886 929 relinquitur
908 853 981 929 quid
1010 853 1095 911 aliud
1117 853 1154 911 si·

142 945 257 1003 mulare
285 944 380 1020 possit
407 943 513 1001 mulier
536 943 583 1000 cui
606 961 722 1002 necesse
750 946 795 1001 est
817 944 901 1000 iuxta
929 961 998 1000 eum
1026 942 1156 1002 inveniri

93 1034 231 1109 laquem
255 1032 370 1091 occidit.
415 1052 475 1091 non
503 1035 559 1107 est,
588 1031 713 1106 iudices,
736 1031 815 1106 quod
837 1030 1010 1089 incredibile
1032 1031 1156 1106 putetis,

143 1125 178 1182 ut
202 1123 267 1197 quis
291 1122 421 1197 perferat
443 1121 617 1179 dormientis
640 1119 867 1179 simulationem.
904 1119 980 1178 nihil
999 1122 1052 1194 est,
1077 1119 1155 1196 quod
1169 1141 1191 1182 re

144 1211 261 1269 facilius
284 1211 417 1268 humana
440 1209 588 1268 calliditas
615 1212 709 1285 possit
731 1209 852 1268 imitari.
898 1209 939 1268 sic
963 1208 1087 1284 quidam
1109 1228 1156 1268 ca·

144 1299 286 1357 daverum
319 1317 484 1374 expressere
514 1299 655 1374 pallorem
686 1301 716 1356 et
744 1301 846 1357 contra
874 1297 1010 1372 verbera,
1043 1300 1155 1374 experi-

145 1391 245 1446 menta
268 1388 395 1448 telorum
417 1389 559 1447 mortium
582 1388 729 1462 pertulere
753 1386 939 1462 patientiam.
977 1390 1091 1462 quanto
1112 1387 1155 1445 fa·

145 1477 230 1535 cilius
258 1477 397 1535 simulare
425 1497 488 1535 rem
516 1475 598 1535 cuius
625 1475 788 1536 imitationi
818 1475 931 1535 sufficit
957 1477 1080 1535 clusisse
1111 1477 1155 1534 lu-

145 1564 234 1640 mina,
253 1567 368 1624 laxasse
381 1566 521 1636 membra,
541 1565 654 1624 dedisse
673 1565 807 1640 suspiriis
825 1565 947 1623 modum
961 1566 991 1622 et
1005 1564 1156 1623 anhelitus
1169 1584 1191 1627 rs

145 1655 336 1732 neglegenter
358 1652 473 1732 egisse?
508 1654 588 1712 inter
610 1654 804 1712 dormientem
828 1653 1080 1728 simulantemque
1097 1672 1157 1712 non

147 1745 191 1802 est
213 1744 271 1802 nisi
289 1743 476 1802 conscientia.
509 1763 579 1802 nam
598 1743 677 1817 quod
695 1743 734 1800 ad
750 1744 798 1801 tot
815 1743 951 1820 vestigia,
974 1744 1021 1800 tet
1038 1761 1157 1816 manus,

145 1835 192 1891 tot
214 1833 461 1907 proclamationes
481 1831 514 1888 in
533 1832 634 1890 eodem
652 1834 754 1890 tenore
773 1832 904 1907 duravit,
926 1831 1021 1890 nolito
1039 1831 1156 1890 mirari:

147 1921 266 1979 facilius
294 1922 401 1980 excites
426 1920 627 1979 dormientem.
674 1921 799 1979 ethaeo
823 1923 868 1978 est
892 1921 1025 1979 omnium
1047 1923 1157 1979 natura

147 2029 253 2085 rerum,
277 2028 313 2067 ne
338 2010 408 2085 quid
432 2010 543 2068 diutius
566 2010 697 2084 perferas
722 2028 810 2085 quam
834 2009 913 2085 quod
935 2009 1074 2067 imitaris.
1120 2009 1157 2068 si·
1170 2030 1194 2071 ro

146 2099 260 2156 mulare
288 2116 423 2158 somnum
449 2098 540 2157 habet
567 2101 597 2156 et
623 2098 700 2156 hano
726 2099 904 2157 facilitatem
930 2098 1010 2174 quod
1038 2098 1159 2157 videtur

148 2187 252 2246 similis
281 2187 409 2246 excitato
433 2188 485 2273 qui
512 2187 709 2262 deprehensus
738 2190 790 2248 est.
837 2187 909 2262 quid
933 2187 989 2245 hoc
1017 2205 1082 2246 esse
1106 2189 1159 2261 vio,

147 2277 261 2351 mulier,
285 2277 364 2351 quod
386 2280 417 2335 te
435 2297 494 2336 non
513 2277 623 2335 excitat
640 2294 686 2334 res
706 2296 765 2351 qua
784 2276 887 2336 domus
908 2279 973 2335 tota
996 2274 1159 2335 turbatur?

220 2540 290 2587 aen
309 2556 355 2599 αγ;
375 2551 425 2589 om.
442 2546 493 2598 syo
563 2550 695 2602 ampexus
718 2543 739 2586 V
807 2533 1007 2588 3effunditur:
1031 2532 1160 2588 funditus

146 2616 171 2658 J
223 2606 346 2674 fugiens:
366 2605 494 2677 tfugiens
512 2614 540 2657 Β
609 2621 660 2673 per
677 2606 709 2658 ia
726 2622 780 2659 ras.
796 2615 823 2658 Β
879 2606 991 2659 vulnusz
1010 2604 1160 2676 vulgus-1,

148 2724 243 2766 corus
297 2713 403 2765 anima:
424 2711 555 2765 omnies
610 2711 766 2780 agitante:
787 2712 912 2780 agitante
931 2725 982 2776 aar
1036 2677 1161 2766 saulu-

149 2820 194 2871 tus
208 2828 268 2884 Βν;
288 2817 414 2871 anhelitu
429 2831 460 2882 ay
514 2834 560 2871 eu:
576 2835 612 2872 an
627 2830 647 2870 o
700 2801 844 2888 esanguis
859 2828 886 2871 Β
939 2820 1028 2872 artus:
1048 2831 1162 2882 arcusa

151 2931 166 2978 6
190 2925 239 2978 sed
263 2924 379 2977 dormis:
404 2889 484 2978 adeor
502 2925 555 2978 mis
574 2935 601 2978 Β
685 2932 700 2979 9
724 2925 829 2995 putetis
849 2942 898 2980 om.
915 2935 947 2978 Μ
968 2942 1043 2994 supr.
1058 2947 1092 2978 m

152 3038 183 3085 11
204 3031 331 3099 quidam:
352 3031 466 3112 quidem
484 3041 543 3084 ΒΜ
622 3038 654 3085 12
673 3013 799 3102 expidsere
819 3033 930 3102 (lincam
943 3049 995 3101 per
1013 3050 1032 3101 p
1051 3031 1162 3087 ductum

151 3141 197 3208 er.)
212 3147 239 3190 Β
301 3120 420 3207 exiidhta
438 3147 477 3204 Β,
501 3139 578 3206 (corr.
593 3140 634 3208 e);
658 3140 686 3192 et
709 3138 900 3207 experimenta
918 3149 963 3203 Ββ
1040 3144 1073 3192 13
1092 3139 1162 3194 telo·

151 3227 209 3298 rdm
228 3254 256 3297 Β
273 3246 350 3313 (corr.
366 3248 395 3298 al
456 3244 599 3297 mortium:
620 3246 759 3313 mortuum
778 3254 837 3297 ΒΒ
906 3251 940 3298 14
957 3245 1113 3299 imitationi
1131 3263 1164 3302 ex

151 3332 198 3368 -ue
217 3325 244 3368 Β
315 3314 429 3379 suffiicit
451 3324 472 3367 V
540 3315 647 3369 lumina
666 3326 707 3381 Β,
730 3332 798 3371 corr.
812 3337 844 3369 m
923 3322 956 3369 15
975 3316 1120 3371 hanelitus
1139 3326 1165 3370 Ι

154 3392 185 3440 17
201 3392 266 3455 post
279 3387 452 3441 conscientia
465 3392 589 3455 repetunt
602 3404 658 3441 non
672 3388 715 3440 cst
728 3387 783 3440 nisi
798 3387 970 3442 conscientia
984 3409 1019 3451 αγ
1073 3394 1109 3442 20
1128 3389 1164 3442 si-

152 3457 259 3510 mulare
274 3474 411 3511 somnum:
433 3457 579 3511 simulares
598 3458 721 3512 omnium
739 3468 767 3511 Β
820 3465 852 3513 21
872 3459 1054 3514 facilitatem:
1073 3458 1164 3514 facul·

149 3530 274 3591 tatemss
346 3535 379 3583 23
399 3531 459 3583 tota
479 3529 577 3583 domus
600 3539 621 3580 ι’
