2408 3840
89 145 155 221 376
368 154 558 210 arcuarii
576 146 822 210 uounonrvsm

89 327 271 383 frumentum
296 324 449 400 publicum
474 325 574 383 stertis
598 327 629 383 et
651 341 751 383 omnes
777 325 869 384 maris
894 325 1097 384 circumvectis

90 432 156 473 oras
180 413 270 472 litora
292 415 456 489 portusque
486 415 638 491 cognoscis
666 414 780 472 alienae
804 413 937 472 civitatis
961 413 1097 488 conditor,

88 505 160 561 tuae
183 521 309 561 eversor.
355 502 483 561 secunda
501 504 678 578 tempestate
695 503 728 560 in
750 504 884 579 patriam
902 503 1017 562 ferente
1039 520 1097 562 con-

87 593 197 650 trarios
221 594 325 650 ventos
355 594 485 668 exoptas.
531 610 586 651 nos
612 593 733 650 interim
758 611 814 667 per
837 594 957 650 arentes
987 609 1097 668 campos

89 681 175 740 effusi
196 700 251 756 pro
274 679 374 738 radice
397 680 475 738 forte
497 683 616 756 reperta
633 681 772 739 rixamur.
818 681 996 757 pestilentia
1017 681 1126 740 mori-s

88 790 156 828 mur
169 772 203 827 ut
216 769 352 844 pecudes,
372 787 480 844 pecora
498 769 666 844 cecidimus,
684 788 804 846 campos
822 769 998 844 emisimus,
1016 770 1097 830 silves

89 859 296 932 destruximus,
314 858 474 917 novissime
492 858 568 917 nihil
585 859 723 918 relictum
742 861 787 917 est
804 861 925 934 praeter
944 858 1097 918 esurientes

89 952 119 1008 et
141 949 282 1006 mortuos.
324 948 437 1005 terram
463 949 623 1007 morientes
648 946 879 1007 momorderrmt.
921 949 1097 1026 semctipsos,

88 1039 115 1096 si
143 1037 219 1094 nihil
249 1035 334 1094 affuit
369 1035 465 1109 aliud,
495 1036 678 1096 comedentes
712 1036 833 1095 tandem
865 1037 938 1096 feris
974 1036 1097 1098 invidere

89 1127 246 1200 coepimus.
299 1124 396 1198 primo
427 1127 529 1184 tamen
562 1126 667 1184 furtim
701 1129 732 1185 et
760 1126 891 1184 latenter
923 1126 983 1186 hoc
1012 1126 1127 1186 soolusa

90 1216 215 1290 quisque
238 1212 359 1272 admisit
383 1216 412 1271 et
434 1216 614 1290 monstrum,
640 1217 670 1274 et
692 1215 718 1274 si
740 1215 830 1290 paulo
853 1214 944 1275 citius
967 1218 1096 1287 venisses,

88 1303 234 1379 potuisset
256 1303 312 1360 hoo
330 1303 441 1380 negari.
488 1304 636 1378 siquidem
653 1322 760 1380 corpus
782 1323 818 1362 ex
835 1305 938 1382 strage
962 1305 1097 1376 defuerat,

89 1392 238 1466 sepultum
266 1391 459 1467 putabamus,
488 1411 543 1451 neo
571 1395 672 1451 tamen
694 1392 839 1452 indicavit
870 1393 1032 1470 quisquam
1051 1411 1097 1452 nec

88 1479 281 1555 deprehendit
300 1480 417 1556 aliquis.
461 1500 556 1556 nemo,
574 1483 610 1539 ut
626 1482 683 1541 hoc
700 1482 820 1555 faceret,
842 1483 981 1558 exemplo
999 1483 1098 1559 impul·

89 1587 139 1628 sus
163 1571 221 1643 est,
251 1588 281 1628 se
305 1570 429 1644 quisque
460 1571 573 1645 docuit,
603 1589 705 1630 omnes
734 1571 808 1630 scire
831 1571 999 1648 coepimus,
1027 1575 1128 1649 post-u

88 1677 179 1734 quam
197 1677 298 1717 omnes
316 1659 448 1719 fecimus.
485 1661 622 1735 quotiens
635 1662 746 1734 tamen,
760 1661 922 1734 autequam
936 1663 1098 1738 inciperem,

88 1749 124 1822 in,
143 1749 263 1822 portum
293 1749 421 1821 cucurri,
450 1749 592 1823 quamdiu
620 1750 653 1807 in
680 1749 776 1807 altum
797 1750 947 1825 intentus,
976 1753 1004 1810 si
1032 1768 1098 1827 quae

89 1838 187 1896 essent
209 1836 241 1893 iu
264 1838 424 1913 conspectu
448 1855 548 1912 naves,
572 1839 672 1898 oculos
695 1838 830 1916 fatigavi.

155 1927 234 2003 Ergo
265 1924 364 1984 rabidi
400 1945 489 2002 supra
527 1927 673 1987 cadavera
703 1927 891 1986 incubuimus
930 1931 964 1987 et
1000 1929 1096 1989 clausis

89 2016 190 2088 oculis,
215 2016 300 2089 quasi
321 2016 403 2074 visus
422 2016 603 2075 conscientia
626 2015 759 2075 acerbior
782 2019 867 2090 esset,
891 2018 961 2076 tota
985 2034 1126 2094 corporari

88 2103 234 2164 morsibus
258 2106 501 2178 consumpsimus.
548 2104 628 2164 subit
645 2105 766 2164 iuterim
787 2106 894 2164 horror
913 2126 950 2166 ex
975 2107 1097 2166 factost

88 2194 221 2252 taedium
236 2211 270 2251 ao
284 2192 442 2252 detestatio
461 2193 506 2251 sui
527 2196 557 2252 et
574 2194 720 2269 planctus.
766 2193 817 2252 sed
830 2213 899 2253 cum
913 2194 954 2253 ab
968 2197 1097 2255 infaustis

88 2283 220 2359 fugimus
239 2282 321 2356 cibis,
340 2282 402 2340 urit
415 2283 525 2340 iterum
538 2283 631 2343 fames
646 2286 677 2341 et
695 2283 775 2358 quod
794 2302 829 2342 ox
847 2302 899 2342 ore
916 2286 1097 2360 proiecimus,

88 2365 288 2447 colligendum
307 2373 359 2429 est.
397 2389 464 2428 cum
482 2371 514 2429 in
527 2371 697 2431 devorando
715 2374 838 2430 ventum
856 2374 923 2431 erat
942 2374 983 2433 ad
1001 2375 1097 2434 faciem

89 2462 119 2517 et
136 2459 294 2534 reliquum,
313 2460 365 2518 ubi
382 2459 512 2537 refulget
529 2460 657 2520 hominis
671 2462 793 2537 propria
811 2463 893 2534 nota,
911 2463 1124 2524 inhorrebants

87 2548 143 2622 pili
167 2550 197 2605 et
219 2551 302 2607 artus
326 2546 453 2624 edentis,
478 2549 529 2608 sed
556 2551 750 2625 praevalebat
776 2551 915 2610 stimulus
938 2552 1044 2626 famis,
1069 2553 1098 2608 ut

88 2639 224 2712 carperet
246 2637 400 2696 famelicus
419 2657 523 2697 nasum
548 2641 578 2697 et
600 2639 683 2697 labia
706 2642 736 2698 et
755 2641 852 2698 totam
874 2640 987 2699 faciem
1010 2642 1097 2701 demo·

88 2725 195 2783 liretur
224 2728 258 2783 ut
293 2729 382 2785 canis.
427 2727 644 2786 insidiabamur
674 2728 808 2788 infirmis.
854 2728 902 2786 illi
932 2730 972 2789 ab
1004 2730 1098 2789 amieis

87 2815 254 2873 astantibus
283 2815 467 2890 sepulturam
496 2817 645 2894 rogabant
673 2819 805 2891 tautum3
830 2817 883 2876 sed
910 2817 984 2877 dum
1013 2821 1098 2878 fames

86 2905 182 2978 urget,
204 2902 379 2963 beneficium
402 2905 578 2965 factumest
601 2908 771 2982 exspectare
792 2924 924 2985 aegrum,
948 2907 1022 2966 dum
1043 2923 1128 2966 mos

86 2993 172 3049 ritur.
214 3011 300 3051 nemo
320 2992 393 3051 sdeo
417 2993 514 3052 affinis
538 2995 605 3069 fuit,
628 3014 715 3054 nemo
732 2997 798 3054 tam
816 2997 995 3057 coniunctus
1019 3015 1098 3073 quern

85 3081 184 3154 pietas
215 3081 384 3140 abstineret.
435 3085 551 3142 nostros
582 3084 776 3158 comedimus,
805 3087 932 3144 nostros.
980 3106 1050 3145 nam
1075 3085 1098 3142 si

86 3168 199 3228 alienos
236 3170 394 3244 vellemus,
430 3191 516 3230 nemo
554 3172 690 3232 audebat.
731 3173 788 3232 hoc
823 3175 934 3235 nostris
971 3175 1097 3235 fecimus.

86 3261 225 3316 aestuant
262 3258 357 3317 adhuc
392 3261 474 3318 intra
509 3265 612 3336 pectus
649 3263 767 3339 sepulta
802 3263 957 3323 ventribus
996 3262 1097 3324 nostis

81 3349 212 3428 cognata
235 3349 360 3411 viscera.
400 3350 569 3411 tamenim
586 3353 678 3409 vacat
694 3351 781 3410 nobis
802 3352 916 3427 lugere,
937 3355 1001 3412 iam
1023 3353 1129 3414 cibosss

141 3554 157 3605 3
180 3549 321 3608 ferentes
343 3557 379 3606 Μ
