2408 3840
402 152 636 208 DECLAMATIO
655 153 808 209 vai—ua
1047 153 1110 219 109

98 325 246 398 quantum
274 322 369 396 voles,
399 321 554 388 effractum
582 341 740 397 carcerem,
769 325 873 399 ruptas
902 325 1035 396 catenam
1066 323 1111 383 vis

101 412 175 471 scire
195 409 271 487 quid
293 411 482 487 neglegentes
504 411 608 471 fecerit
625 430 801 487 securosque
822 410 958 487 pirates?
994 430 1111 487 aooepe·

102 503 170 559 rant
188 501 323 576 pretium
346 499 478 558 duorum.

166 588 331 666 Intellegit,
353 589 475 663 iudices,
498 590 529 648 et
551 590 614 664 ipse
636 589 760 664 iuvenis,
782 609 842 649 non
861 607 923 648 esse
942 607 973 648 se
991 589 1112 649 calami·
1129 590 1165 644 22

65 680 212 739 .ststium
240 679 410 737 nostrarum
437 678 571 738 iustitiae
597 696 712 754 parem,
739 681 769 736 et
791 680 833 737 sic
856 680 933 757 agit,
959 680 1114 754 tamquam

101 767 181 825 alere
209 770 271 825 no'n
297 765 410 826 debeat.
455 767 557 842 itaque
587 767 729 826 transfert
756 769 788 824 iu
818 767 875 826 hoc
905 767 1114 842 defensionem,

101 860 135 914 ut
158 873 246 931 posse
269 873 300 914 se
322 859 418 932 neget.
464 856 539 931 quid
562 855 669 930 dicitis,
692 854 823 915 iudices?
868 856 969 915 feretis
991 855 1048 914 hoc
1069 855 1114 914 di·

101 946 220 1004 centem
238 945 373 1004 iuvenem
387 962 508 1020 corpore
528 947 617 1019 atque
636 947 735 1003 aetate
753 945 917 1004 robustum.
946 963 1007 1003 non
1024 945 1114 1004 habes

103 1051 185 1109 opes,
207 1033 261 1092 sed
282 1033 422 1109 membra,
445 1034 496 1093 sed
515 1033 600 1094 vires.
638 1054 707 1093 nam
725 1052 820 1108 neque
839 1053 894 1112 ego
912 1033 1045 1092 laborem
1062 1052 1115 1092 neo

62 1143 90 1184 no
103 1122 242 1182 difficiles
269 1141 358 1197 posco
386 1125 523 1197 conatus,
545 1125 700 1182 contentus
728 1142 806 1198 sum,
828 1124 952 1197 iuvenis,
976 1123 1011 1180 ut
1032 1124 1115 1182 velis.

103 1211 186 1271 cibos
222 1230 269 1270 me
304 1230 424 1288 poscere
459 1209 569 1288 putas?
626 1212 763 1271 humeros
796 1213 902 1287 quibus
939 1211 1116 1286 incumbam,

102 1318 212 1361 manus
235 1319 308 1377 quas
332 1301 404 1360 eliso
424 1301 538 1376 pectori
561 1319 717 1376 apponam,
739 1301 831 1377 sinus,
854 1302 887 1360 in
905 1319 979 1377 quos
999 1319 1117 1379 egeram

102 1391 315 1450 exhaustarum
342 1391 483 1465 reliquias
512 1391 716 1464 lacrimarum,
748 1394 782 1449 ut
808 1392 947 1466 sepeliaS,
979 1392 1013 1448 ut
1044 1390 1117 1448 haec

104 1497 176 1538 cum
201 1478 302 1538 miseri
328 1480 411 1537 illius
438 1479 576 1538 membris
599 1497 666 1539 ossa
689 1498 846 1556 conponas.
892 1498 952 1538 non
975 1480 1117 1537 alimenta

67 1589 92 1629 rs
106 1586 228 1644 quaero,
251 1568 301 1626 sed
324 1567 425 1626 filium.
472 1567 565 1643 quid?
590 1567 670 1644 quod
692 1588 729 1627 ne
752 1587 842 1646 grave
864 1569 1047 1646 longumque
1068 1586 1117 1626 su·

104 1675 227 1734 premas
262 1658 384 1731 pietatis
422 1659 564 1735 erigimus
601 1655 752 1716 officium?
795 1676 855 1718 non
891 1657 943 1715 diu
978 1658 1117 1729 viverem,

106 1746 227 1804 etiamsi
248 1765 295 1804 me
318 1745 376 1805 duo
398 1748 568 1820 pasceretis.
613 1764 732 1806 securus
755 1748 808 1820 sis,
830 1747 915 1806 brevi
937 1749 967 1805 te
991 1747 1117 1823 gemitus

104 1834 168 1893 mei
184 1834 363 1910 liberabunt,
378 1835 503 1894 assiduis
521 1835 690 1910 planctibus
710 1835 881 1894 everberata
899 1835 1013 1894 vitalia.
1045 1833 1118 1909 quid

106 1943 155 1983 me
177 1923 306 1982 remittis
330 1923 369 1982 ad
391 1921 530 1983 turbam?
576 1923 648 1998 quid
670 1924 743 1983 facis
766 1943 867 1983 rursus
892 1923 1027 1982 omuibus
1050 1942 1117 2000 gra·

70 2033 95 2072 ao
107 2011 197 2072 vem?
233 2012 400 2087 consumpsi
417 2012 514 2087 fletus,
537 2012 725 2072 clementiam
743 2013 873 2073 civitatis
893 2013 1021 2071 exhausi.
1059 2031 1119 2070 nou

107 2103 168 2160 alit
197 2101 324 2177 populus
357 2101 506 2160 hominem
537 2120 624 2176 quem
652 2117 773 2178 pascere
804 2102 883 2160 filius
905 2101 1000 2160 debet.
1047 2100 1119 2175 quid

68 2194 70 2202 '
107 2191 168 2249 sibi
189 2190 257 2248 vult
278 2189 350 2248 haec
374 2190 470 2249 aliena
493 2190 713 2250 calamitatibus
736 2192 855 2263 nostris,
878 2191 976 2248 aliena
999 2188 1118 2249 virtuti·

108 2279 163 2338 bus
195 2280 270 2354 tuis,
302 2280 433 2354 iuvenis,
466 2277 633 2355 asperitas?
684 2278 834 2339 abstulisti
865 2279 939 2336 mihi
970 2280 1120 2336 malorum
1175 2332 1177 2336 .

108 2386 228 2443 quoque
250 2386 383 2426 meorum
405 2368 619 2428 verecundiam,
666 2368 807 2445 quioquid
828 2368 983 2440 faciebam,
1007 2365 1119 2424 meudi-

73 2460 187 2518 as'cites
215 2458 272 2532 est,
301 2474 416 2532 exque
443 2475 577 2518 reversus
605 2476 644 2518 es.
690 2457 778 2516 durat
804 2458 836 2515 in
859 2459 994 2530 suscepto
1022 2455 1119 2532 rigore

109 2544 227 2605 iuvenis
259 2547 290 2604 et
322 2545 360 2604 ad
391 2545 624 2605 misericordiam
651 2566 710 2607 non
741 2546 884 2605 memoria
915 2545 1031 2618 fratris,
1061 2561 1120 2602 non

112 2634 207 2712 patris
230 2635 479 2709 contemplatione
502 2634 675 2696 deflectitur.

178 2723 366 2783 Exclamaret
388 2725 465 2784 alius
487 2725 543 2783 hoc
565 2726 643 2784 loco:
667 2743 701 2782 er
724 2726 777 2782 tua
798 2723 856 2782 fide
875 2723 981 2800 dignus
1001 2721 1120 2798 quidem
1135 2720 1173 2776 28

112 2831 191 2887 eras,
223 2813 470 2887 impotentissime
497 2815 611 2891 generis
638 2813 773 2887 humani,
802 2831 889 2888 quem
915 2813 948 2869 in
972 2813 1128 2870 tormenta.

74 2919 179 2961 semea
206 2899 395 2976 doloremque
421 2900 592 2962 redeuntem
618 2902 717 2962 vincla
742 2919 843 2961 rursus
871 2920 906 2961 ac
932 2920 1028 2976 poena
1058 2918 1121 2958 car-

108 2991 187 3050 ceris
211 2989 366 3067 exciperet.
406 2993 437 3051 et
458 2991 582 3050 insultes
603 2991 673 3050 huic
695 2991 872 3050 confessioni
895 2990 974 3065 licet,
996 2990 1121 3067 alligare

111 3099 171 3139 non
196 3096 325 3155 possum.
362 3078 435 3156 quid
452 3078 525 3138 mihi
542 3082 664 3139 miseras
682 3081 820 3155 ultioneS,
844 3079 915 3155 quid
934 3080 1021 3138 triste
1038 3097 1120 3137 mon·

185 3254 276 3302 tasse
291 3263 332 3302 se:
348 3252 500 3303 essentm⁷
549 3248 741 3303 calamitatum
755 3259 808 3314 veo
859 3254 891 3303 10
907 3250 1081 3318 contemptus
1096 3256 1124 3300 n
1197 3291 1198 3294 ,

112 3326 146 3375 11
165 3320 309 3373 humeros:
327 3333 490 3385 numerosa
535 3326 599 3389 post
615 3321 744 3374 humeros
762 3321 827 3375 cdd.
842 3333 956 3390 posces
1006 3325 1038 3372 1s
1057 3318 1121 3373 reli-

113 3392 181 3461 quia
194 3400 216 3443 V
263 3396 297 3444 14
315 3400 504 3461 ossaeupm
552 3397 584 3445 l'l
599 3392 729 3445 brevite:
745 3391 880 3446 brevitate
894 3402 915 3444 v
960 3395 995 3444 20
1013 3391 1122 3444 exsusit

112 3463 295 3531 &haspas
340 3463 546 3532 23aperitasv
584 3465 776 3517 ubemseda
819 3463 953 3516 eszestc
996 3463 1123 3515 28tuam

114 3535 198 3589 fidem
219 3543 242 3586 v
310 3539 343 3589 82
361 3534 431 3588 mihi
449 3536 490 3591 bis
507 3544 536 3588 Β
604 3535 767 3592 monstrasti
786 3543 825 3607 sl,
841 3533 890 3591 sel
904 3533 947 3591 tis
965 3550 1094 3606 sapam
