2408 3840
360 149 594 207 Ducunumo
613 151 677 207 XIII
691 157 768 207 6-8.
1006 152 1072 219 253

57 321 138 398 quod
161 339 222 380 non
244 322 324 380 tanti
345 320 489 396 videmur,
511 324 547 380 ut
568 324 684 399 negent.
722 339 811 398 porro
832 325 885 400 qui
907 324 1072 384 confessum

57 409 206 484 defendit,
237 428 297 469 non
325 410 541 470 absolutionem
572 411 691 470 sceleris
720 412 798 487 petit
827 412 878 472 sed
910 413 1071 473 ficentiem.

57 500 178 578 lougius
200 499 260 558 ista
278 516 369 575 quam
391 500 487 574 timui,
510 501 645 575 quaestio
669 501 813 575 perventi.
850 501 964 560 nonde
987 520 1073 578 prce·

59 590 150 648 tento
168 589 288 647 tantum
305 589 472 666 litigamus:
496 589 552 647 hoc
570 590 678 666 agitur,
697 590 732 647 ut
750 590 842 648 otium
860 591 886 650 si
904 589 977 666 quid
995 591 1072 650 forte

37 695 248 754 creparaveno,
269 675 379 736 iterum
401 677 490 737 diviti
511 677 601 736 liceat
623 678 763 737 occidere.

123 766 163 825 Iu
181 765 255 826 duas
273 766 361 841 enim,
384 768 530 842 quantum
548 766 783 826 animadvertere
807 768 902 844 potui,
925 768 1073 843 quaestio·

57 874 109 916 nes
133 854 245 914 dividit
267 872 400 914 causam:
425 873 463 913 en
482 855 623 914 damnum
645 857 694 930 sit,
717 857 748 914 et
771 875 810 915 an
831 857 942 915 iniuria
960 857 1072 916 datum.

57 946 153 1023 neget
179 961 242 1003 esse
268 943 424 1017 damnum,
447 944 527 1019 quod
553 944 666 1003 animal
694 944 822 1003 liberum
849 947 879 1004 et
901 946 1019 1004 volucre
1043 948 1074 1005 et

58 1051 173 1111 vagum
196 1034 227 1091 et
244 1034 327 1092 extra
345 1032 471 1108 imperia
493 1035 625 1108 positum
647 1033 818 1109 perdiderit.
855 1037 946 1112 negat
962 1035 1074 1093 iniun'a

19 1141 46 1182 so
57 1120 174 1196 datum,
198 1120 277 1197 quod
298 1122 331 1178 in
353 1123 472 1198 privato
496 1139 558 1196 suo,
581 1123 662 1197 quod
680 1140 729 1182 eas
749 1141 824 1198 quae
847 1124 905 1182 sibi
925 1126 1074 1198 nocerent,
1179 1185 1182 1191 ,

59 1208 229 1284 extinxerit,
247 1211 405 1285 postuemo,
430 1211 509 1286 quod
528 1229 630 1287 sparso
648 1213 768 1271 tantum
786 1229 840 1287 per
857 1211 943 1272 flores
961 1231 1074 1273 veneno

58 1301 144 1376 ipsae
168 1316 238 1375 apes
261 1299 340 1358 ultro
364 1300 404 1358 ed
426 1301 552 1359 mortem
575 1301 718 1359 venerint.

126 1387 172 1446 Ut
193 1387 270 1446 nihil
288 1390 364 1448 esset
384 1388 463 1464 quod
480 1389 527 1448 his
546 1408 662 1465 possem
679 1389 865 1465 respondere,
888 1408 992 1449 aecum
1010 1392 1075 1449 erat

59 1479 141 1537 inter
164 1477 278 1538 vicinos
301 1478 343 1537 sic
366 1475 436 1554 agi?

18 1584 47 1627 us
128 1564 187 1624 Sed
210 1556 356 1625 excutiam
374 1566 501 1644 singula,
524 1585 578 1626 nec
600 1568 683 1642 prius
702 1568 775 1626 meis
794 1569 976 1646 argumentis
994 1569 1076 1627 nitur

60 1674 154 1732 quam
180 1653 297 1714 diversa
328 1655 498 1730 reppulere,
531 1657 673 1731 quoniam
700 1656 820 1732 quidem
847 1658 1009 1733 quaeritur,
1036 1677 1074 1715 an

60 1744 205 1803 damnum
227 1745 267 1802 sit
289 1743 410 1819 perdere
434 1743 514 1819 quod
536 1744 652 1804 lucrum
675 1747 720 1804 est
744 1745 861 1804 habere.

127 1831 269 1892 Liberum
293 1835 337 1892 est
360 1833 480 1907 animal,
503 1836 590 1908 puta:
613 1851 673 1893 non
697 1832 761 1894 dico
784 1835 863 1894 fctus
884 1837 959 1894 meis
979 1836 1074 1894 mani-
1092 1832 1111 1888 8

61 1920 116 1982 bus
140 1922 277 1997 exceptos
300 1923 331 1980 et
353 1923 385 1980 in
407 1923 506 1981 tutam
528 1921 662 1982 conditos
686 1922 785 1982 sedem
807 1926 838 1983 et
859 1925 1018 1984 reservatis
1037 1923 1076 1983 ad

20 2009 271 2087 ”supplements
297 2011 412 2089 generis
440 2011 517 2071 favis
546 2029 668 2070 examen
696 2013 902 2088 vernaculum,
935 2014 1076 2088 quoniam

62 2098 185 2176 quidem
206 2100 402 2175 tyrannorum
424 2101 491 2157 iura
514 2099 660 2175 defendis,
688 2102 775 2160 natos
799 2102 832 2158 in
859 2102 978 2178 priuato
1001 2120 1076 2161 meo.

60 2191 137 2265 puta
157 2206 205 2246 me
223 2188 271 2246 vel
288 2188 386 2248 inanis
406 2189 520 2247 arboris
538 2191 643 2248 trunco
663 2190 710 2248 vel
730 2190 810 2249 cavis
828 2191 964 2250 inventos
981 2190 1076 2266 petris

61 2276 185 2336 domum
215 2277 299 2337 favos
330 2277 482 2336 retulisse:
518 2278 613 2336 multa
645 2278 838 2338 nihilomiuus
871 2297 947 2355 quae
981 2279 1076 2337 libera

60 2367 196 2439 fuerant,
227 2367 384 2426 transeunt
414 2367 447 2424 in
476 2367 522 2426 ius
553 2369 762 2443 occupantium
794 2368 871 2426 sicut
898 2369 1018 2427 venatio
1046 2370 1077 2427 et

23 2472 50 2515 as
62 2455 233 2529 aucupatio.
270 2473 340 2513 nem
358 2457 393 2513 ut
407 2457 505 2514 cetera
518 2457 661 2514 autmalia
679 2457 833 2514 hominum
851 2475 940 2516 cause
958 2456 1077 2516 finxcuit

62 2543 253 2621 providentia
268 2543 346 2619 quod
361 2543 497 2603 omuibus
510 2546 652 2619 nascitur,
664 2544 830 2605 industriae
844 2547 1009 2622 praemium
1023 2548 1076 2606 cst

139 2767 315 2821 lutona?
381 2765 692 2822 imolensem-ess!
761 2768 940 2823 edocear
1001 2770 1077 2822 tre-

62 2853 198 2907 parsvero
218 2849 245 2891 s:
269 2853 472 2907 praeparavero
491 2860 514 2891 ω
595 2843 611 2892 6
636 2839 731 2922 anime
755 2841 862 2893 vertere
879 2849 914 2907 Β,
934 2839 952 2892 d
969 2850 1078 2909 sapae

63 2944 137 2997 usn
155 2960 205 2999 om.
224 2953 245 2995 n
301 2944 426 2998 caunum
440 2955 467 2997 ι»
524 2961 561 2999 an
579 2947 640 3010 ecc
693 2928 838 2999 miuriav
896 2945 1036 2999 sucrum
1054 2956 1081 3000 ι·

64 3021 96 3070 11
121 3014 290 3086 extinxeri{t
307 3017 337 3086 (u
355 3017 402 3085 er.)
417 3024 449 3069 n
537 3022 569 3071 13
589 3033 659 3071 aecu
677 3026 711 3084 Β,
731 3019 789 3085 qut
810 3034 886 3086 capr.
901 3028 931 3085 o;
958 3033 1079 3086 aequum

62 3122 164 3191 reliqui
237 3127 271 3176 14
290 3123 337 3192 agi
356 3123 417 3176 sed:
437 3123 528 3193 egisse
546 3133 568 3176 V
637 3129 669 3177 19
689 3106 820 3193 excepto⁸
838 3133 866 3177 Β
919 3124 1017 3178 sedin
1031 3133 1083 3177 Βν
1157 3123 1158 3126 ’

63 3233 96 3282 ‘20
116 3227 294 3297 suplementa
308 3237 368 3282 M!
378 3231 455 3300 (corr.
470 3231 511 3297 m)
557 3235 590 3284 21
610 3229 738 3285 defendis
757 3245 783 3296 a:
804 3247 845 3285 -es
860 3244 900 3285 ac
947 3235 980 3284 22
999 3213 1078 3284 tusto

62 3344 90 3387 Β
162 3334 217 3388 cris
231 3344 259 3388 Β
311 3341 344 3389 23
362 3335 496 3389 reculisse
510 3346 537 3388 Ρ
583 3337 656 3391 nihil
669 3336 798 3392 hominus
812 3347 840 3391 Β
892 3320 1081 3393 adfueritis

63 3411 97 3460 2⁶
175 3405 247 3489 erigt
266 3415 297 3461 Ι
362 3412 396 3461 26
415 3407 543 3460 omnibus
562 3425 596 3463 eu
613 3408 753 3463 ominibus
774 3419 811 3477 Β;
830 3409 990 3464 hominibus
1008 3417 1030 3461 V

63 3493 207 3598 industri:
228 3494 244 3598 ξ
261 3514 294 3567 io
306 3530 361 3569 ras.
377 3521 409 3566 Β
