2408 3840
399 157 704 215 accumulemus
722 158 767 212 IV.
788 158 820 211 V.
1049 158 1113 223 395

100 330 270 405 praevisum
300 330 329 388 et
362 328 491 387 edictum
521 327 568 387 sit.
616 329 643 386 si
672 346 787 400 verum,
817 327 900 385 nulla
930 329 1112 403 praecisione

99 419 305 491 frustrabitur,
341 418 388 476 sin
420 417 542 490 falsum,
579 417 662 475 nulla
690 417 805 475 ratione
842 418 998 477 metuetur.
1053 437 1113 476 non

98 508 194 585 igitur
223 525 315 582 quare
344 507 495 581 moriaris,
526 499 622 581 ipsiuli
651 506 741 564 etiam
770 506 974 564 mathematici
1003 507 1112 566 iudicio

99 597 258 657 invenitur.

70 745 83 783 5
422 719 458 775 V.
482 719 593 777 Ancon
615 736 787 776 nnnnuuvs.

98 845 200 904 Liberi
225 846 363 921 parentes
391 845 445 902 aut
468 843 551 902 alant
580 845 633 901 aut
662 843 839 902 vinciantur.
886 844 1008 919 quidam.
1038 845 1112 909 duos

142 933 280 1007 habebat,
299 933 379 1009 frugi
402 935 432 990 et
449 933 643 991 luxuriosum.
683 950 806 1009 peregre
824 933 950 1008 profecti
969 952 987 991 a
1005 936 1112 1009 piratis

144 1023 225 1101 capti
248 1023 325 1081 sunt.
366 1022 532 1081 luxmiosus
559 1022 690 1098 languet.
737 1020 823 1080 ambo
852 1021 887 1080 de
910 1022 1112 1098 redemptione

145 1111 285 1171 scribunt
322 1109 408 1186 pater
422 1111 557 1169 omnibus
573 1112 633 1170 suis
647 1109 776 1168 venditis
790 1111 996 1186 proficiscitur.
1030 1111 1112 1170 audi-

57 1224 84 1264 11
144 1201 189 1259 vit
221 1218 239 1258 a
269 1201 383 1276 pirata:
415 1201 502 1258 unius
532 1199 589 1257 erit
620 1199 688 1273 hoo,
724 1202 825 1257 utrum
857 1202 951 1259 mavis
984 1199 1113 1279 eligere?

144 1307 266 1368 aegrum
278 1289 411 1347 redemit.
449 1290 509 1363 qui,
529 1287 600 1347 dum
613 1290 781 1363 revertitur,
799 1290 932 1349 mortuus
947 1292 1000 1349 est.
1037 1291 1113 1349 alter

143 1377 239 1454 ruptis
262 1378 389 1437 vinculis
412 1377 508 1436 rediit.
554 1378 697 1436 alimenta
715 1379 885 1453 poscuntur.
926 1380 1112 1438 contradicit.

165 1540 261 1598 Pater.
303 1539 467 1612 aestimate,
490 1537 522 1595 P.
543 1535 583 1612 0,
605 1537 794 1612 inopinatum
812 1539 992 1598 calamitatis
1011 1559 1114 1617 genus,

98 1627 192 1686 filium
211 1627 341 1686 rediisse.
383 1626 529 1700 vivebam,
552 1628 587 1685 ut
609 1625 747 1701 viderem,
771 1628 935 1703 sperabam,
959 1630 993 1686 ut
1012 1630 1112 1688 aleret.

61 1738 86 1780 11
99 1717 208 1776 Fetus.
248 1715 394 1790 numquid
425 1715 460 1773 ab
492 1735 526 1774 eo
554 1715 676 1775 alendus
706 1717 763 1775 eris
794 1736 882 1793 quem
911 1718 1017 1794 piratis
1045 1720 1112 1778 reli-

99 1803 218 1883 queris?
254 1806 287 1863 P.
306 1824 365 1863 non
388 1805 531 1879 relinquit
550 1805 602 1879 qui
624 1804 767 1864 abducere
785 1806 896 1880 nequit.
933 1808 969 1865 F.
987 1809 1114 1882 potuisti

98 1915 204 1955 sanum
230 1896 382 1969 recepisse.
429 1895 463 1952 P.
486 1913 545 1952 non
568 1895 732 1969 potuissem
759 1894 797 1952 ad
829 1913 952 1972 aegrum
982 1896 1112 1956 rediisse.

99 1986 136 2043 F.
160 1986 257 2060 patet,
281 1984 351 2058 quia
373 1983 459 2040 illum
486 1984 581 2060 magis
610 1982 748 2043 dilexisti.
789 1983 822 2040 P.
847 1983 882 2042 de
906 1984 1020 2043 duobus
1043 1987 1113 2043 tali-

98 2073 154 2132 bus
178 2074 317 2131 neutrum
335 2073 431 2149 magis
449 2071 551 2150 diligit
574 2073 625 2147 qui
648 2090 771 2149 aegrum
793 2072 921 2130 redimit.
967 2074 1003 2131 F.
1026 2073 1113 2132 illum

54 2184 85 2224 no
99 2162 224 2240 elegisti.
271 2162 304 2219 P.
332 2161 369 2220 de
399 2159 512 2219 duobus
542 2160 643 2219 liberis
673 2179 758 2218 nemo
794 2161 903 2238 eligere
932 2165 1044 2237 potest,
1078 2164 1113 2221 de

99 2250 215 2310 miseris
238 2251 344 2325 potest.
386 2251 421 2307 F.
445 2252 480 2308 tu
497 2249 725 2325 relinquendum
746 2249 894 2324 iudicasti,
917 2251 970 2308 ille
993 2252 1113 2328 gavisus

99 2342 147 2399 est
169 2358 231 2399 esse
253 2339 405 2414 relictum,
427 2339 481 2396 tua
503 2338 694 2397 mendicitate
716 2358 764 2397 me
781 2338 909 2413 vindico,
933 2338 995 2399 eius
1017 2344 1113 2401 morte

99 2448 160 2487 non
183 2428 275 2487 doleo.
316 2428 350 2485 P.
373 2427 446 2485 haec
469 2447 516 2486 me
538 2429 591 2485 tua
616 2427 754 2503 impietas
778 2426 914 2487 absolvit.
960 2431 1113 2488 meliorem

100 2516 223 2596 elegisse
251 2518 412 2590 convincit,
443 2516 494 2575 sed
517 2516 669 2576 occasione
692 2536 750 2574 uon
781 2519 857 2575 utar.
904 2518 968 2577 sola
992 2520 1112 2578 miseria

60 2628 86 2669 re
100 2607 258 2666 consuluit.
300 2607 336 2664 F.
355 2605 406 2664 ille
425 2607 486 2663 iam
504 2605 618 2664 solutus
637 2608 709 2664 erat.
750 2608 811 2664 iam
832 2626 900 2665 eum
917 2609 1014 2683 pietas
1032 2608 1112 2667 rede-

99 2698 204 2755 merat.
251 2713 305 2773 ego
328 2695 463 2768 vinculis,
487 2712 542 2771 ego
564 2693 642 2752 fame
665 2694 801 2772 urgebar.
846 2697 879 2755 P.
904 2717 992 2772 quem
1013 2697 1113 2773 pirata

99 2785 207 2859 alebat,
230 2787 316 2859 pater
334 2780 519 2860 negligeret?
560 2785 592 2840 in
615 2803 704 2858 quem
721 2785 821 2859 pirata
841 2786 908 2861 pius
931 2790 1003 2860 erat,
1026 2791 1113 2862 pater

99 2873 173 2950 quid
195 2871 317 2951 ageret?
354 2874 389 2930 F.
408 2893 456 2930 me
474 2871 627 2946 redempto
645 2874 731 2931 illum
751 2874 918 2934 dimisisset.
959 2876 993 2935 P.
1011 2877 1113 2951 imme,

99 2965 127 3022 si
149 2981 203 3040 ego
226 2981 286 3022 non
305 2963 459 3034 venissem,
482 2961 568 3019 illum
586 2961 754 3022 remisisset.
800 2965 836 3021 F.
856 2983 873 3021 o
898 2982 987 3038 quam
1010 2967 1112 3040 aptam

172 3156 186 3202 1
206 3149 348 3218 provisum
362 3157 440 3202 m

172 3262 187 3309 6
202 3255 278 3325 frugi
291 3257 321 3310 et
333 3255 492 3310 luxuriosus
501 3217 540 3311 1i1
548 3255 600 3310 lex.
617 3266 644 3309 Ρ
699 3256 782 3310 liberi
791 3289 825 3296 —
836 3257 994 3311 vinciantur
1003 3275 1052 3313 om.
1070 3267 1115 3311 111

100 3333 134 3383 10
149 3328 281 3398 elige{(re
291 3329 338 3397 er.)
352 3336 381 3393 νς
396 3326 469 3397 elige
484 3337 512 3381 R
567 3333 599 3380 12
615 3328 706 3397 poscit
719 3337 775 3394 Vm
790 3329 953 3397 posciturll
1009 3335 1041 3381 13
1056 3329 1112 3382 exi-

99 3400 213 3454 stimate
227 3409 256 3453 11
311 3404 343 3452 15
358 3405 421 3452 unte
433 3398 572 3467 numquid
586 3399 652 3456 add.
669 3409 709 3455 R:
724 3400 825 3456 audite
836 3400 954 3454 iudices
961 3398 1141 3451 inauditum

95 3470 296 3535 expectationis
302 3485 402 3538 genus,
417 3470 599 3542 insperatam
609 3473 758 3531 hactenus
772 3473 841 3545 spei
848 3471 983 3542 speciem
1035 3470 1080 3515 111
1092 3472 1162 3534 &a

82 3544 148 3588 ante
154 3537 284 3591 relictum
299 3557 352 3594 om.
370 3551 418 3596 VB
472 3563 520 3602 me
535 3548 675 3606 vindico·¹
688 3549 836 3605 menffiffi
846 3553 902 3600 VB
956 3544 1002 3591 Ἃ
1012 3526 1184 3593 mmm?
