2408 3840
122 181 186 235 XIV
523 178 738 234 PRAEFATIO.

122 369 188 409 mus
210 350 331 424 feliciter
360 352 468 425 incipit.
511 350 602 409 codex
624 350 704 409 haud
732 369 799 409 raro
828 368 944 409 summa
971 368 1038 407 cum
1061 347 1139 406 diffi-

122 440 234 498 cultate
261 440 380 518 legitur.
422 441 550 516 scriptus
578 442 623 499 est
651 440 728 498 enim
756 439 865 500 litteris
895 439 1070 498 minusculis
1093 441 1139 496 in-

122 529 242 589 clinatis
265 529 344 588 inter
366 548 396 588 se
420 530 583 605 implicitis,
606 530 762 604 permultis
782 529 924 588 adhibitis
948 527 1139 603 compendiis,

121 618 272 676 interdum
294 637 353 677 non
377 621 458 677 certa
480 618 596 677 ratione
615 618 770 678 solvendis.
811 619 951 676 librarius
974 618 1038 692 ipse
1062 636 1138 692 quae

122 708 242 784 scripsit
258 727 293 764 ex
310 709 376 784 ipso
396 707 559 783 exemplari
576 707 753 767 emendavit.
790 708 822 765 in
843 708 941 784 priore
959 706 1030 764 libri
1052 710 1139 783 parte

122 814 157 855 ex
171 798 265 856 altero
280 797 442 872 exemplari
457 797 570 857 nullius
584 797 675 872 pretii
693 799 841 855 corrector
859 797 994 872 aequalis
1012 797 1061 855 hic
1074 796 1139 856 illie

120 885 262 944 lectiones
281 885 491 962 suprascripsit
509 888 749 962 correcturasque
767 886 893 944 induxit.
931 885 1138 944 adnotationes

122 975 268 1050 quaedam
292 976 403 1034 saeculi
426 975 557 1034 eiusdem
575 975 630 1032 XV
652 975 757 1050 primis
780 975 861 1034 foliis
882 976 1030 1052 leguntur.
1071 975 1139 1032 folii

121 1065 211 1140 primi
243 1064 413 1138 dimidium,
449 1064 531 1123 tertii
567 1083 636 1139 pars
672 1064 802 1123 abscissa
834 1066 886 1123 est.
933 1066 963 1122 in
997 1064 1138 1122 interiore

120 1155 292 1230 tegumento
324 1154 467 1231 leguntur
493 1154 579 1212 haec:
610 1153 661 1212 Eo
688 1154 803 1229 colleqe'o
829 1155 963 1228 mactent
994 1152 1137 1212 00100311.

121 1243 168 1301 De
190 1243 265 1301 dono
287 1245 421 1316 moqlstri
442 1241 596 1316 Radulplri
618 1242 654 1300 de
680 1245 848 1316 1100110001
874 1243 1021 1315 quondam
1043 1244 1139 1301 300103

121 1333 249 1391 10130113
271 1332 359 1391 lutus
381 1333 555 1392 venerabilis
578 1332 696 1407 colleyil.

190 1419 310 1480 Codices
334 1439 434 1481 omnes
466 1440 539 1497 quos
569 1420 667 1480 adhuc
696 1423 947 1494 enumeravimus,
977 1440 1012 1478 ex
1035 1420 1138 1480 eodem

121 1510 284 1586 archetypo
308 1510 482 1570 descendere
505 1511 656 1586 frequenti
679 1512 709 1569 et
730 1512 762 1568 in
783 1510 919 1571 maximis
944 1510 1027 1568 etin
1051 1510 1138 1567 mini·

120 1601 176 1658 mis
195 1600 284 1658 rebus
303 1599 498 1659 similitudine
518 1600 674 1658 evincitur.
716 1599 873 1658 discedunt
893 1601 993 1657 eutem
1011 1599 1043 1657 in
1062 1599 1138 1658 duas

120 1688 251 1747 familias
274 1690 332 1760 ita,
354 1691 390 1746 ut
411 1693 515 1748 BVM
538 1708 611 1764 quos
639 1689 724 1768 signo
748 1711 767 1747 α
790 1689 983 1764 complector,
1011 1708 1046 1747 ex
1069 1707 1137 1762 uno,

120 1782 174 1837 ΡΒ
198 1795 272 1854 quos
295 1777 315 1856 β
340 1778 519 1856 significari,
550 1798 585 1836 ex
613 1778 707 1837 altero
735 1778 896 1854 exemplari
924 1777 1076 1851 fluxerint,
1106 1777 1139 1835 id

121 1866 200 1942 quod
229 1886 289 1926 non
319 1868 415 1926 solum
445 1867 562 1928 diverso
592 1867 843 1927 declamationum
873 1867 975 1926 ordine
1008 1868 1038 1925 et
1070 1867 1138 1925 sub-

119 1957 280 2033 scriptione
298 1959 367 2032 post
385 1957 631 2016 declamationem
648 1957 675 2013 X
688 1956 754 2035 1116
768 1957 864 2016 solum
882 1958 1000 2016 servata
1019 1956 1139 2014 demon·

120 2048 242 2119 stratur,
266 2046 316 2105 sed
339 2047 431 2104 etiam
454 2065 497 2120 eo,
524 2045 603 2121 quod
625 2047 767 2105 lectiones
790 2050 820 2104 et
842 2047 978 2117 lacunae,
991 2045 1138 2121 quaedam

119 2137 275 2210 utriusque
298 2135 432 2195 familiae
455 2137 593 2212 propriae
616 2137 694 2194 sunt.
904 2126 909 2133 ’

187 2224 276 2282 Haud
298 2227 401 2300 paucis
425 2226 504 2283 enim
531 2224 605 2283 locis
633 2224 789 2283 collocatio
818 2224 976 2284 verborum
1004 2223 1137 2283 familiae

119 2313 139 2392 β
163 2313 300 2373 dissentit
328 2314 364 2373 ab
389 2337 416 2373 α.
458 2315 593 2373 conferas
621 2331 645 2370 0.
669 2334 696 2390 g.
720 2334 748 2389 p.
771 2317 820 2386 11,
845 2315 873 2372 6.
895 2314 945 2387 13,
966 2315 1016 2371 17.
1038 2314 1089 2387 18,
1110 2317 1137 2372 9.

121 2404 172 2474 27,
193 2404 242 2461 14.
263 2406 314 2478 27,
334 2406 384 2463 22.
405 2405 456 2477 28,
471 2406 522 2462 24.
543 2404 594 2477 29,
614 2404 641 2460 4.
662 2405 757 2477 40,1.
779 2404 830 2477 52,
850 2404 877 2460 6.
899 2404 949 2477 72,
969 2404 1020 2460 26.
1042 2403 1092 2476 78,
1108 2404 1137 2460 4.

121 2493 172 2566 95,
192 2494 209 2550 6
242 2493 384 2567 168,10.
406 2496 478 2567 191,
499 2494 548 2552 13.
569 2494 642 2567 236,
665 2492 713 2550 15.
734 2493 807 2565 267,
823 2493 873 2550 23.
895 2493 968 2566 306,
994 2496 1041 2550 11.
1063 2493 1137 2565 312,

122 2583 171 2640 13.
193 2582 267 2656 327,
283 2586 311 2641 5.
332 2583 405 2656 330,
422 2584 471 2640 15.
488 2583 627 2657 331,11.
649 2582 722 2655 342,
739 2583 788 2639 14.
805 2582 878 2655 346,
893 2583 921 2639 4.
963 2599 1037 2656 quos
1056 2582 1136 2640 locos

119 2671 315 2747 perlustranti
331 2671 547 2729 concedendum
567 2674 612 2730 031
630 2671 765 2729 ordinem
783 2669 939 2730 verborum
959 2670 1137 2746 quibusdam

120 2761 192 2819 locis
219 2762 250 2818 in
278 2761 384 2818 neutra
414 2760 532 2819 familia
560 2759 736 2838 reprehendi
758 2779 857 2836 posse,
886 2779 954 2819 raro
985 2762 1137 2835 praestare

119 2851 277 2909 lectionem
310 2849 443 2907 familiae
471 2848 503 2927 β,
532 2853 565 2908 ut
590 2852 645 2922 52,
671 2850 704 2922 6,
729 2851 806 2924 267,
832 2850 882 2927 23,
910 2867 998 2925 300ρο
1026 2870 1046 2906 α
1077 2868 1137 2908 non

119 2940 216 2998 minus
232 2938 310 3107 quqql
330 2939 439 2997 attinet
458 2939 495 2997 ad
514 2939 594 3016 leges
608 2939 818 3016 grammaticas
825 2930 850 3018 1)
866 2957 956 3014 quam
975 2939 1001 2997 31
1014 2939 1137 3014 respicis

120 3027 278 3087 clausulas.

185 3116 322 3191 Utraque
349 3117 466 3177 familia
496 3118 611 3176 lacunis
638 3118 716 3192 hiat3
749 3117 832 3176 velut
865 3117 1025 3192 quaedam,
1056 3116 1137 3175 haud

118 3224 186 3264 raro
215 3225 307 3263 unum
334 3207 453 3265 tantum
481 3207 616 3281 verbum,
644 3207 850 3266 desiderantur
876 3208 909 3263 in
936 3229 955 3264 α
981 3227 1009 3283 p.
1034 3207 1085 3281 42,
1109 3210 1136 3264 1.

121 3298 176 3369 90,
201 3296 350 3369 25.125,
376 3297 425 3354 21.
456 3297 532 3372 133,
559 3298 607 3353 17.
637 3297 713 3370 153,
742 3298 791 3354 17.
822 3297 899 3371 158,
927 3298 975 3354 12.
1006 3297 1082 3370 250,
1108 3299 1135 3354 9.

191 3486 216 3551 1)
237 3483 271 3538 ef.
288 3489 330 3551 13,
346 3490 370 3537 1.
386 3487 428 3550 es,
445 3490 468 3538 0.
486 3487 545 3550 101,
562 3488 601 3536 rs.

177 3557 208 3618 2)
225 3555 357 3620 01130,
375 3559 417 3621 27,
430 3562 471 3608 11.
490 3561 531 3622 11,
545 3561 586 3609 11.
603 3561 881 3624 1014010003.
897 3559 1136 3622 3301133111.
