2406 3832
373 91 608 178 cacuminum
627 123 666 178 u
680 128 792 178 re-re.
1024 125 1087 188 127

71 292 168 368 quies,
190 291 251 366 sed,
275 292 355 367 quod
372 292 519 352 malorum
537 311 669 352 meorum
687 293 817 350 maxime
835 295 934 369 portio
954 296 1006 367 est,
1024 295 1088 352 tam

71 381 176 441 miseri
212 382 283 440 sunt
319 381 410 439 etiam
443 381 555 440 domini
591 384 658 440 mei.
704 382 763 440 cito
795 383 1012 457 praetereunda
1044 385 1089 442 est

71 471 218 530 memoria
245 472 368 547 propter
394 490 441 528 me
468 471 553 529 uxori
580 473 694 549 gravis,
725 470 800 528 mihi
830 473 953 547 propter
984 471 1087 532 filium.

71 563 194 620 munseo
217 559 349 618 hirsutos
371 559 503 618 hostium
520 559 623 619 vultus
646 562 676 618 et
698 560 875 618 immanium
894 559 1141 619 barbarorum18

48 650 151 709 sferos
179 648 331 724 fremitus,
362 649 541 725 tantumque
566 649 642 707 mibi
669 648 778 707 cotidie
809 667 871 707 esse
898 649 1089 708 metuendum

72 738 224 815 quantum
245 738 312 813 pati
334 739 452 813 captus,
481 737 591 796 audere
619 738 718 813 pirata
745 739 899 814 potuisset.
944 738 1020 795 nihil
1044 740 1089 796 est

72 827 221 886 desiderio
246 844 367 885 suorum
390 827 524 904 gravius:
551 827 653 901 timui,
680 845 829 902 nequem
853 846 888 886 ex
910 828 983 884 meis
1006 826 1089 885 vide-

70 935 143 976 rem.
182 914 259 973 nihil
276 917 454 992 tempestate
472 916 630 975 minacius:
649 915 758 975 cotidie
772 916 962 993 naufragium
976 916 1088 991 optavi.

71 1023 144 1064 nam
166 1007 302 1079 mortem,
326 1004 475 1080 confiteor,
498 1005 585 1064 senili
606 1006 716 1064 inertia
734 1025 795 1064 una
814 1022 903 1063 causa
921 1007 1019 1063 minus
1039 1023 1089 1062 cu·

34 1094 207 1171 rapiebam,
234 1112 272 1150 ne
294 1093 466 1152 defunctum
493 1112 579 1152 nemo
603 1094 749 1170 sepeliret.
796 1113 886 1170 quam
908 1097 1022 1153 vestem
1043 1111 1089 1151 re-

72 1184 179 1242 lictam
202 1182 321 1258 captivo
348 1184 438 1260 putas
465 1183 523 1241 nisi
546 1201 623 1258 quae
649 1183 761 1259 praeda
787 1202 846 1242 non
874 1182 958 1242 erat‘?
986 1183 1088 1258 quales

73 1271 180 1349 epulas
203 1271 340 1346 cibosque
362 1271 507 1347 praebent
525 1271 578 1348 qui
599 1273 659 1347 ipsi
680 1274 767 1347 rapto
786 1270 911 1331 vivunt?
947 1291 1017 1331 nam
1036 1273 1089 1330 illa

72 1360 198 1437 quidem
220 1360 292 1420 satis
316 1360 404 1440 digne
428 1361 494 1436 quis
519 1360 640 1420 dixerit:
664 1361 759 1420 udum
781 1379 928 1420 carcerem
951 1363 981 1420 et
1003 1363 1089 1419 inun-

73 1451 150 1510 data
173 1451 290 1508 sentina
308 1451 428 1510 vincula
447 1452 477 1510 et
493 1451 669 1527 impositum
686 1450 767 1508 nuda
785 1450 869 1508 trabe
888 1451 1090 1526 inrequietum

32 1541 169 1614 relatus,
195 1540 342 1599 revinctas
369 1558 447 1616 pone
469 1541 587 1617 tergum
608 1557 728 1614 manus,
755 1539 908 1617 alligatos,
935 1541 1089 1615 tamquam

73 1629 155 1688 esset
183 1645 242 1704 que
268 1628 453 1706 fugeremus,
482 1627 593 1704 pedes?
639 1628 719 1686 solae
746 1631 778 1686 in
806 1647 921 1688 carcere
950 1629 1089 1687 tenebrae

72 1715 232 1777 iuvabant.
268 1734 356 1794 saepe
379 1718 415 1776 de
439 1717 560 1776 auribus
580 1719 702 1793 questus
725 1735 791 1775 sum
809 1736 885 1793 quae
908 1735 1014 1777 sonum
1036 1718 1090 1775 fla-

73 1807 224 1885 gellorum
252 1807 453 1884 gemitumque
482 1824 634 1866 caesorum
657 1807 793 1881 quamvis
815 1806 940 1883 impexis
964 1807 1089 1866 obrutae

73 1895 169 1955 cornis
193 1894 371 1971 acciperent
395 1896 470 1954 dura
492 1898 588 1954 metus
612 1895 660 1954 sui
683 1896 824 1972 exempla.
870 1897 1011 1954 miserum
1033 1915 1089 1970 me,

33 1985 128 2059 sofili,
152 2003 258 2059 nempe
280 1984 382 2044 morbo
404 1984 518 2060 peristi.
564 2003 703 2060 compara
725 1986 836 2043 terram
858 1985 943 2060 mari,
969 1985 1090 2044 domum

73 2072 158 2147 navi,
175 2073 317 2131 lectulum
335 2073 455 2149 carceri,
473 2073 643 2132 libertatem
662 2074 807 2148 servituti,
826 2073 1004 2132 desiderium
1023 2092 1090 2132 ocu-

74 2162 177 2222 lorum
202 2163 296 2220 totius
319 2164 450 2239 corporis
474 2162 588 2222 damno.
636 2181 694 2237 quo
717 2181 771 2220 nos
798 2163 915 2238 longius
939 2162 1021 2220 ducit
1043 2180 1089 2220 ca·

73 2249 259 2310 lumitatium
282 2254 452 2310 nostrarum
474 2241 583 2311 misera
606 2249 778 2310 eontentio?
816 2251 894 2308 caeci
915 2252 1006 2308 etiam
1028 2250 1090 2308 liti-

75 2359 149 2419 gare
171 2342 303 2415 possunt,
327 2342 440 2417 captivi
462 2359 517 2399 nec
538 2342 647 2399 vivere.

24 2447 62 2491 aa
144 2427 255 2487 Verum
277 2430 350 2488 haec
373 2429 492 2488 etiamsi
513 2431 545 2487 in
564 2449 658 2505 aequo
680 2431 871 2505 ponerentur,
893 2428 1022 2486 multum
1044 2429 1143 2486 tea-19

150 2657 165 2705 1
184 2652 246 2707 sed:
266 2654 295 2705 et
312 2653 371 2708 Sele.
429 2652 556 2720 agnavis
576 2663 604 2704 s:
624 2651 736 2721 gravius
755 2673 777 2704 ω
832 2656 848 2703 4
866 2652 997 2719 hyrsutos
1020 2661 1041 2702 V

76 2722 182 2777 ostium
199 2732 227 2775 Β
297 2723 454 2793 bgemitns
477 2733 498 2774 V
566 2723 716 2776 bendere:
736 2723 780 2776 vel
798 2723 896 2776 audire
914 2732 956 2788 11,
976 2739 1044 2777 corr.
1059 2742 1091 2773 m

75 2793 186 2849 anihil
203 2794 259 2848 nisi
277 2796 447 2864 tempestate
465 2803 517 2846 BV
603 2793 790 2847 9eonfitebor
812 2803 867 2857 Vas
949 2793 1050 2846 seniles
1073 2801 1095 2844 V

76 2870 112 2920 13
131 2864 220 2934 digna
238 2887 256 2918 α
331 2866 432 2919 udum:
451 2865 558 2918 nudum
580 2873 618 2916 Vs
699 2873 848 2918 carceres
923 2863 1091 2918 inundatum

74 2946 145 3001 mo
219 2941 252 2990 14
271 2936 382 2991 sentina
399 2933 513 2990 vincula
534 2945 563 2989 V:
584 2935 656 2989 senti
674 2936 804 2989 navicula
822 2944 861 3002 Βς
885 2935 995 2988 sentina
1012 2934 1091 2988 navi-

75 3006 172 3063 culam
189 3017 256 3072 Meo
315 3007 516 3077 inrequietum:
538 3008 628 3060 -etum
646 3024 679 3063 ex
697 3013 850 3062 correctura
868 3016 900 3059 Μ
966 3011 998 3059 15
1017 3021 1091 3074 pone

73 3081 189 3150 tergum
202 3079 353 3134 Parisinus
366 3083 452 3133 1618:
467 3079 554 3147 ponet
572 3094 638 3147 ergo
652 3087 691 3144 B;
709 3094 782 3147 pene
800 3081 880 3147 tergo
893 3087 923 3144 V;
941 3079 1007 3147 post
1024 3092 1090 3146 ergo

73 3160 119 3218 13
142 3151 209 3219 post
225 3152 337 3221 tergum
354 3162 433 3217 mem
457 3165 531 3219 pone
549 3150 631 3219 terga
648 3149 725 3204 Desa.
743 3167 771 3218 p.
783 3154 817 3204 71
827 3166 864 3218 eq.
957 3154 990 3202 1s
1013 3149 1091 3200 tene-

72 3222 145 3276 brae
164 3237 215 3276 cra.
229 3230 251 3273 V
329 3226 360 3274 17
380 3220 519 3274 iubebunt
540 3230 562 3273 V
629 3236 702 3288 quae
720 3238 770 3275 om.
790 3229 842 3272 BV
914 3219 1038 3282 solume

75 3298 111 3347 18
129 3291 278 3361 implentis
291 3301 330 3359 ⁸3
349 3291 479 3361 implexis
498 3301 550 3344 Mc
566 3291 620 3361 (vel
633 3291 752 3360 impexis
770 3293 825 3362 m);
844 3291 963 3360 impexit
980 3299 1013 3356 ες
1033 3306 1091 3343 am-

71 3363 168 3436 plexis
181 3373 203 3416 V
262 3363 392 3417 obrutae:
410 3365 503 3418 -rutae
521 3365 553 3417 iu
569 3381 624 3418 ros.
639 3372 681 3430 M3
703 3363 870 3432 obruptaes
924 3367 956 3415 21
976 3376 1047 3415 neve
1065 3371 1093 3414 Β

71 3441 110 3491 22
130 3434 326 3489 calamitatum
349 3443 417 3487 Vsrc
503 3439 537 3488 23
557 3434 645 3488 caeci:
666 3436 740 3488 certe
759 3443 786 3486 P
872 3432 980 3504 litigari
1003 3443 1024 3486 V

70 3513 109 3564 26
129 3505 243 3561 etiarnsi
261 3505 292 3560 in
311 3519 413 3574 aequo:
433 3506 519 3560 etiem
538 3505 598 3559 sine
617 3521 672 3574 quo
694 3514 717 3556 V
782 3507 933 3574 poneretur
950 3515 1003 3558 BV
