2408 3840
340 153 645 218 DECLAMA'IIONES
663 161 709 214 XI.
728 161 786 216 XII.
1005 161 1069 224 411

57 332 302 408 promoveamini.
347 330 377 390 0.
391 332 467 408 proh
485 331 581 389 dolor!
605 350 664 389 non
682 333 741 390 nisi
758 334 822 390 iure
837 333 1000 390 irascemur
1019 332 1071 408 qui

58 423 164 480 contra
181 420 227 479 ius
241 418 392 479 viximus?
425 421 462 478 L.
478 419 635 495 quisquam
649 422 711 479 sine
724 421 841 479 ratione
860 418 1071 479 damnabitur?

60 509 91 569 0.
110 509 257 568 rationem
276 510 394 584 quaerit
412 509 463 584 qui
483 528 583 568 omnes
601 527 654 567 nos
672 509 860 568 irrationales
878 507 970 569 fecit?
1006 509 1071 566 red-

56 598 164 657 damne
189 597 268 673 quod
290 599 365 656 mihi
388 596 561 657 abstulisti?
600 598 737 674 Lquod
765 598 859 656 libens
889 597 1071 674 legationem

28 687 145 761 ssubii,
168 685 296 763 puniar?
340 686 371 746 0.
391 689 478 761 atqui
499 687 588 746 multi
607 705 637 746 se
661 687 832 761 offerebant,
855 687 934 746 solus
958 690 987 744 te
1012 687 1070 745 cito

56 795 243 835 reversurum
272 776 475 850 promittebas.
523 777 560 834 L.
582 777 715 853 legatum
743 796 789 834 me
813 777 932 835 fecistis.
973 776 1070 834 redeo.

59 864 89 924 O.
111 884 128 923 o
151 865 239 923 nimis
262 864 395 923 invidam
417 865 610 941 legationem,
638 865 664 923 si
686 869 715 923 te
739 884 756 923 a
779 866 858 924 fame
881 865 1006 938 dimisit,
1035 867 1070 922 ut

56 974 111 1030 per
133 956 163 1012 te
185 953 264 1011 fame
287 953 404 1030 periret.
446 954 482 1011 L.
503 973 556 1030 pro
579 955 729 1013 frumento
752 953 826 1011 illud
848 953 950 1013 habeo.
987 952 1018 1011 0.
1038 956 1070 1010 at

57 1062 112 1120 ego
135 1043 279 1118 populum
308 1061 367 1101 non
393 1042 496 1102 habeo.
538 1043 575 1100 L.
594 1043 689 1119 magis
719 1061 826 1101 nocens
855 1061 903 1101 ero
934 1061 967 1100 eo
991 1042 1070 1117 quod

16 1152 43 1193 ro
58 1130 168 1190 attuli?
211 1129 241 1189 0.
262 1135 339 1190 certe
361 1134 457 1208 magis
481 1150 515 1190 eo
539 1131 618 1207 quod
641 1133 738 1208 magis
756 1134 941 1206 poenitentes
964 1131 1069 1190 fecisti.

57 1220 144 1296 potui
173 1220 237 1277 heri
271 1239 330 1278 non
361 1220 528 1280 comedisse.
577 1221 613 1278 L.
638 1240 711 1278 num
746 1221 902 1295 quisquam
932 1220 1071 1280 irascitur
1158 1216 1161 1221 '

58 1309 137 1385 quod
160 1309 285 1385 duplum
309 1308 437 1385 recipit?
479 1309 510 1368 0.
529 1310 701 1367 maluissem
731 1309 887 1367 dimidium
916 1311 1069 1385 recepisse.

58 1398 182 1456 callidus
204 1399 374 1474 negotiator
395 1398 491 1474 perire
514 1399 728 1473 rempublicam
746 1398 924 1474 locupletem
946 1399 1069 1456 mavult.

57 1491 233 1546 curantem
256 1506 316 1545 non
343 1485 531 1563 quadruplo?
576 1487 613 1545 L.
633 1505 693 1544 non
715 1488 807 1562 potui.
857 1487 886 1547 0.
907 1488 933 1546 si
956 1487 994 1546 ad
1017 1506 1070 1546 nos

15 1598 42 1638 re
57 1578 262 1650 ammovisses,
294 1577 453 1651 quincuplo
476 1575 665 1635 vendidisses.
711 1578 856 1635 nontam
880 1594 946 1635 care
969 1580 1070 1652 empta

57 1684 148 1740 quam
166 1667 334 1740 exspectata
354 1669 405 1724 est.
448 1665 531 1740 atqui
549 1683 602 1724 nos
621 1668 790 1724 antecessus
808 1665 989 1724 dederamus
1032 1667 1068 1723 L.

57 1772 128 1831 ergo
151 1774 205 1831 ego
227 1754 305 1812 male
334 1753 411 1830 gessi
433 1753 613 1831 legationem
643 1756 673 1813 et
701 1755 805 1813 fateor.
849 1753 879 1813 0.
900 1758 986 1814 caute
1009 1755 1070 1812 lue-

56 1844 171 1902 sionem
198 1843 379 1919 reipublicae
408 1844 440 1900 in
469 1843 566 1920 legem
594 1843 672 1902 male
701 1846 802 1920 gestae
832 1843 990 1920 legationis
1021 1842 1069 1900 de·

56 1931 160 1989 flectis.
205 1933 357 2008 numquid,
381 1933 406 1990 si
428 1932 544 2008 legatus
563 1931 656 2006 fuisti,
680 1932 746 1990 ideo
768 1933 813 1990 rei
836 1950 926 2006 quam
948 1934 1069 2006 tractas,

12 2041 44 2082 ao
58 2021 186 2078 materia
218 2019 315 2097 perit?
363 2022 524 2080 laesionem
557 2020 738 2096 reipublicae
757 2036 922 2097 cognosce.
971 2021 1008 2078 L.
1031 2022 1069 2078 si·

58 2108 179 2184 quidem
203 2128 236 2168 ex
259 2129 306 2168 me
330 2113 381 2169 est.
414 2109 464 2169 sed
483 2129 635 2184 nunquam
657 2128 723 2167 mea
741 2109 829 2183 eulpa
847 2109 940 2167 fames
964 2111 1068 2185 coepit.

59 2197 91 2257 0.
107 2196 158 2256 sed
171 2198 351 2257 titubantem
365 2198 508 2273 stravisti,
525 2198 715 2257 vulneratum
727 2198 882 2274 iugulasti.
923 2198 960 2255 L.
975 2198 1069 2257 fames

56 2287 194 2345 fortunae
216 2287 392 2363 Imputanda
415 2291 467 2347 est.
516 2286 546 2346 0.
566 2290 644 2346 recte
668 2288 764 2363 prima
783 2286 847 2361 illi,
875 2285 981 2345 ultima
1003 2287 1068 2345 tibi.

57 2376 95 2433 L.
114 2376 169 2449 ivi,
193 2376 280 2434 redii:
304 2376 390 2435 citius
409 2395 469 2435 non
487 2377 579 2452 potui.
624 2375 655 2435 0.
674 2375 720 2434 bis
739 2377 847 2449 emisti,
870 2376 960 2434 semel
978 2376 1069 2452 duplo

14 2483 43 2525 aa
58 2464 228 2538 vendidisti,
251 2484 310 2523 non
328 2464 404 2524 fiunt
421 2466 494 2524 haec
513 2467 580 2524 cito.
617 2465 654 2522 L.
674 2467 851 2541 tempestate
870 2464 975 2522 ductus
995 2483 1068 2523 sum.

59 2552 90 2612 G.
110 2573 128 2613 o
150 2555 358 2628 tempestatem
374 2555 432 2613 tibi
454 2553 615 2613 subditam!
639 2556 778 2613 onustum
797 2553 835 2612 ad
857 2553 967 2612 famem
989 2554 1070 2629 tulit,
1118 2581 1120 2584 >

57 2646 248 2701 exoneratum
277 2643 316 2701 ad
345 2642 565 2701 abundantiam.
608 2662 659 2702 cur
689 2646 789 2702 autem
818 2642 921 2701 eadem
950 2642 988 2701 ad
1016 2662 1069 2701 nos

57 2731 160 2806 aliqua
183 2750 242 2790 non
266 2730 400 2808 appulit?
440 2732 477 2789 L.
497 2750 514 2789 a
537 2732 634 2792 ventis
657 2751 774 2807 quaere.
818 2731 849 2791 0.
868 2734 954 2789 recte.
997 2733 1069 2808 quid

56 2821 87 2878 in
117 2839 194 2879 nave
216 2821 361 2897 fregistis,
390 2822 422 2879 in
449 2821 519 2878 fune
546 2820 684 2897 rupistis,
713 2824 745 2880 in
774 2821 840 2880 velo
866 2820 1007 2895 scidistis,
1037 2824 1069 2879 in

19 2927 43 2967 se
57 2909 158 2968 tritico
191 2910 360 2969 excussistis
391 2907 494 2969 venti?
542 2911 579 2968 L.
607 2913 692 2969 certe.
745 2909 796 2968 sed
818 2911 959 2968 restituta
991 2913 1067 2968 sunt.

56 3128 91 3167 ne
100 3113 278 3167 incommoda
288 3114 456 3167 examinatio
466 3115 591 3169 iudicum
602 3114 791 3168 sinceritatem
806 3113 921 3168 alliciat.
954 3116 1068 3183 pactum

55 3201 112 3238 non
131 3200 227 3238 casum
246 3187 378 3254 spectate.
410 3186 507 3254 itaque
578 3186 620 3239 id:
639 3186 697 3238 iam
719 3193 764 3238 VB

130 3262 143 3309 1
164 3271 214 3324 pro
233 3257 338 3325 pudore
359 3266 385 3311 R
471 3256 712 3311 3irrationabiles
730 3264 807 3310 ΜΒ
878 3262 892 3309 7
913 3256 1002 3309 omnis
1025 3265 1070 3310 VB

57 3332 90 3380 10
109 3327 257 3396 poenitens
284 3337 328 3382 VB
433 3334 464 3382 11
488 3347 567 3382 num:
591 3345 647 3381 non
671 3335 748 3382 RVB
846 3333 878 3380 13
897 3327 1027 3380 calcidius
1051 3337 1073 3376 u

10 3448 14 3455 ,
56 3404 90 3451 15
110 3397 302 3452 admonuissee
325 3408 370 3452 VB
458 3405 491 3456 16
509 3396 746 3457 desiderabamus
760 3407 809 3452 vn
900 3402 939 3449 ue
949 3397 1026 3461 lege
1042 3402 1096 3470 ys}

51 3474 85 3519 24
101 3469 155 3520 iri.-
176 3468 220 3520 lui
236 3479 317 3522 [WB
405 3478 439 3528 28
461 3474 625 3547 aliquando
646 3485 676 3532 n
772 3478 809 3526 ‘le
830 3470 869 3522 'in
886 3466 957 3519 selo
981 3459 1118 3514 sameas

37 3549 87 3586 om.
102 3545 135 3585 P
202 3539 314 3595 cidistis
337 3552 387 3598 m
462 3555 497 3605 30
520 3551 655 3608 excuntis
680 3558 708 3604 Ρ
