2408 3840
113 160 157 224 92
442 122 804 216 measaauu'urrvs

113 347 195 387 mare
230 327 429 389 redimentes?
474 328 517 388 dii
548 330 744 403 immortales,
781 348 872 405 quam
903 346 1050 406 arrogans
1080 346 1126 387 me

113 417 227 494 pirata,
250 436 339 493 quam
362 418 506 494 superbus
530 417 664 494 excepit?
707 436 827 494 parum,
850 416 965 493 inquit,
987 418 1126 492 attulisti,

114 524 210 582 senex,
233 507 356 584 languet
374 507 458 566 alter.
496 507 568 582 quid
591 525 646 585 ego
664 526 682 564 a
700 506 757 566 diis
780 506 1010 582 hominibusque
1032 506 1126 566 merui

115 595 194 670 quod
211 596 286 654 mihi
302 615 361 656 non
375 596 543 656 redditurus
562 598 722 671 utrumque
740 613 800 654 non
817 596 882 671 ipse
900 595 1002 672 potius
1015 592 1125 674 elegit?

115 702 219 744 saevus
242 687 273 743 et
293 684 417 744 humani
440 685 550 745 doloris
573 685 681 744 artifex
699 685 823 762 negavit
841 703 860 743 a
877 703 925 744 me
942 683 1018 744 dnos
1041 700 1154 761 posset

114 773 226 832 redimi
273 773 387 849 deinde,
410 776 445 832 ut
467 773 522 833 hoc
544 775 668 850 tristius,
691 776 726 832 ut
748 772 899 833 difficilius
923 775 1010 849 esset,
1032 772 1125 832 reddi·

113 864 216 920 turum
238 880 269 922 se
292 862 370 921 dixit
386 865 487 921 utrum
504 862 683 922 maluissem.
720 863 812 938 vides,
834 860 961 938 iuvenis,
983 863 1125 937 quantum

113 952 221 1028 pietati
243 970 326 1010 meae
349 951 552 1011 testimonium
574 951 737 1010 reddiderit
758 954 825 1028 ipsa
847 950 1017 1011 erudelitas.
1061 968 1124 1010 con·

114 1040 191 1099 dicio
213 1058 274 1098 non
296 1042 427 1116 ponitur,
450 1040 508 1099 nisi
531 1040 604 1100 duos
627 1038 828 1116 redempturo.
870 1041 1046 1116 expectatis,
1068 1058 1124 1103 corr

113 1131 179 1187 tum
201 1128 310 1203 habeo,
332 1129 456 1204 iudices,
480 1132 515 1188 ut
538 1130 569 1188 in
591 1129 780 1188 tristissimae
802 1129 990 1188 necessitatis
1011 1129 1154 1206 pentura

114 1218 243 1292 abrupto
258 1216 297 1275 ad
315 1235 438 1295 aegrum
452 1218 593 1277 continuo
611 1219 841 1295 properaverim.
878 1220 945 1293 quis
963 1235 1025 1276 non
1042 1217 1125 1293 putet

115 1306 218 1365 audita
242 1305 413 1366 condicione
431 1307 552 1366 vincula
573 1326 620 1366 me
643 1309 747 1366 statim
764 1304 927 1365 detraxisse
949 1302 1125 1383 languenti?

115 1394 237 1454 oderitis
260 1394 332 1454 licet
355 1397 568 1456 confessionem
590 1414 700 1471 meam,
722 1395 892 1455 deliberavi.
929 1397 1029 1454 tenuit
1051 1395 1124 1453 inter

115 1483 183 1542 illos
215 1484 437 1560 inexplicabiles
470 1484 579 1544 doloris
612 1487 711 1544 aestus
740 1484 829 1560 quam
861 1484 999 1562 longum,
1029 1482 1125 1543 tenmt

114 1574 210 1647 pietas
233 1575 342 1632 misera
365 1574 534 1649 consilium,
563 1576 593 1632 et
616 1573 694 1649 quod
717 1592 869 1648 nunquam
892 1574 967 1631 satis
990 1571 1154 1631 manibusu

114 1661 179 1735 filii,
201 1681 354 1737 nunquam
377 1662 450 1722 satia
474 1662 617 1721 excusabo
641 1661 837 1722 conscientiae
860 1680 957 1736 meae,
984 1680 1046 1721 non
1068 1664 1124 1720 sta

79 1754 99 1810 5
118 1751 173 1807 tim
187 1749 261 1808 mihi
275 1751 326 1808 ille
345 1750 480 1810 deficiens
499 1752 602 1810 unicus
621 1751 686 1809 fuit.
724 1750 890 1810 dissimules
908 1749 989 1825 licet,
1007 1749 1124 1823 orbitas,

115 1857 169 1915 ego
188 1839 262 1896 mihi
280 1839 443 1914 plurimum
460 1838 580 1908 morbis,
603 1839 764 1914 plurimum
782 1839 887 1899 videor
904 1838 1047 1899 adiecisse
1065 1839 1124 1897 lan·

115 1928 202 2004 guori
219 1927 416 1987 cunctationis
434 1947 526 2003 mora,
546 1930 576 1986 et
593 1929 686 1988 sensit
703 1928 816 2004 infelix,
835 1927 906 2004 quid
924 1928 957 1986 in
976 1926 1124 1988 electionis

114 2016 202 2075 huius
225 2017 400 2076 necessitate
422 2018 531 2075 fuerim
553 2019 658 2075 neutro
686 2018 846 2095 languente
873 2018 1016 2076 facturus.
1061 2019 1154 2075 tan-a

115 2103 194 2180 dem,
227 2105 306 2181 quod
338 2106 434 2164 solum
465 2105 594 2165 habebat
620 2105 751 2165 ambitus
784 2124 889 2183 genus,
921 2105 1124 2181 desperatione

114 2195 290 2270 praevaluit.
337 2195 437 2271 accepi
465 2195 562 2253 fateor
587 2194 674 2253 illum
701 2195 752 2270 qui
780 2195 893 2254 solutus
922 2212 1041 2270 quoque
1068 2212 1125 2253 non

115 2283 300 2360 sequebatur,
325 2303 412 2359 quem
435 2302 495 2342 non
518 2283 662 2362 gaudium
685 2283 904 2359 redemptionis,
926 2301 988 2341 non
1011 2283 1125 2342 laetitia

114 2373 252 2448 praelati,
274 2391 334 2432 non
356 2373 505 2433 hortantis
530 2374 623 2432 erexit
644 2375 739 2449 patris
758 2373 919 2449 amplexus.
955 2371 983 2430 si
1002 2374 1080 2432 esset
1095 2371 1125 2429 in

114 2461 201 2520 rebus
224 2463 361 2521 humanis
382 2462 445 2520 ulla
464 2462 630 2536 clementia,
653 2481 817 2521 merueram
841 2460 931 2521 etiarn
950 2460 988 2519 de
1011 2460 1153 2538 piratisa

114 2553 149 2608 ut
170 2550 244 2608 mihi
272 2551 330 2608 duo
353 2551 553 2610 redderentur.
598 2552 727 2626 utinam,
754 2550 879 2627 iudices,
905 2550 1023 2610 iuvenis
1046 2550 1123 2609 illiue

114 2640 178 2698 vita
200 2641 375 2716 praestaret,
398 2642 433 2698 ut
450 2641 602 2700 videretur
623 2659 683 2699 non
705 2640 830 2715 periculi
852 2640 1055 2715 miseratione,
1078 2636 1125 2699 sed

115 2729 240 2788 caritate
262 2729 424 2805 praelatus.
465 2750 512 2788 me
535 2729 683 2787 infelicem
707 2727 786 2803 quod
808 2728 917 2787 bonam
939 2728 1036 2788 habeo
1059 2747 1124 2788 can·

188 2922 201 2971 1
222 2916 262 2970 dii
280 2915 464 2970 immortales:
484 2915 551 2968 dum
569 2913 701 2968 mortales
725 2924 746 2966 V
808 2930 892 2982 quam
911 2920 975 2968 autc
994 2930 1125 2985 mogum

115 3001 195 3052 ocae
261 2993 365 3041 4non:
384 3003 436 3041 nec
455 2997 482 3040 P
544 2985 684 3039 tredemi
702 2995 726 3039 J
787 2985 936 3054 8pietati:
954 2985 1006 3039 -118
1029 2994 1079 3040 Vl

114 3058 280 3113 reddiderit:
295 3058 345 3111 red
359 3061 390 3112 iu
403 3075 489 3128 marp.
500 3057 564 3112 add.
576 3068 605 3123 o;
619 3057 744 3111 redderit
758 3066 796 3123 11,
810 3056 840 3110 di
853 3073 928 3125 supr.
937 3076 970 3109 n
1023 3062 1040 3110 9
1059 3056 1125 3110 duos

115 3131 292 3199 redempturo
311 3142 392 3194 occu
445 3129 638 3198 redempturos
657 3138 689 3181 M
747 3133 779 3181 10
798 3127 827 3180 in
846 3144 896 3182 orn.
912 3136 945 3193 P,
963 3143 1040 3198 supr.
1054 3149 1075 3189 ιι

116 3208 148 3256 11
169 3201 315 3256 abrutoM
398 3207 430 3254 12
449 3216 494 3254 me
513 3199 610 3254 statim
628 3198 773 3263 vinculae
859 3203 893 3252 14
910 3215 998 3267 quam
1016 3220 1047 3252 a:
1066 3212 1124 3267 per·

115 3289 199 3342 quam
218 3286 270 3338 ayo
320 3272 412 3327 tenuit
425 3289 474 3326 om.
491 3283 544 3335 βγο·
596 3275 628 3323 11
648 3268 1031 3336 dissimiles133diesimilis
1045 3276 1078 3322 Ι

115 3345 153 3397 sit
166 3351 230 3414 post
242 3343 310 3397 licet
323 3343 387 3396 orld.
398 3352 430 3396 ,11
483 3348 516 3396 18
534 3341 680 3395 morbiue
726 3341 917 3412 languoris!
970 3338 1128 3395 1988118111

590 3428 667 3465 eram

115 3473 148 3520 to
167 3433 218 3521 ilia
237 3469 264 3536 (v
282 3483 356 3535 supr.
372 3469 441 3536 o)B
511 3482 589 3519 meru
686 3467 770 3535 (supr.
786 3467 812 3536 o)
831 3475 860 3519 B
947 3469 980 3518 26
1004 3462 1122 3519 utinam:

113 3541 177 3591 uter
191 3548 232 3605 1²5
250 3539 320 3591 uts
393 3543 426 3592 27
445 3554 501 3591 non
520 3546 620 3601 om.1’,
639 3553 748 3605 supra
