2406 3832
132 158 198 223 252
498 152 588 208 APES
606 152 785 209 Pavrlams

132 343 222 385 nexas
246 325 276 383 et
298 324 401 381 mutuo
425 322 576 399 amplexas
599 341 679 382 mors
699 323 767 383 sola
785 323 896 383 divisit.
930 325 996 400 quis
1020 323 1149 402 figurare

132 416 236 492 possit,
260 413 326 488 quis
349 411 445 470 dicere
468 430 558 488 quam
580 411 691 471 multas
714 412 787 471 mali
810 412 931 487 formas,
955 430 1048 488 quam
1066 414 1151 472 varia

132 504 188 562 leti
215 519 323 581 genera
349 501 474 559 fecerint
500 502 548 560 tot
574 498 707 560 mortes?
751 501 855 576 semel,
882 503 918 560 ut
944 503 1009 577 ipse
1032 503 1151 561 tristem

132 591 236 651 finiam
254 591 477 667 expositionem,
500 588 655 649 dicendum
677 592 731 663 est,
753 608 855 650 omnes
873 589 999 666 perdidi
1038 590 1152 652 celebre

133 680 209 740 illud
237 681 401 739 alvearium
424 681 455 738 et
477 678 597 738 domino
620 695 672 737 suo
700 681 801 738 notius
823 678 861 739 ad
883 679 1021 760 nihilum¹
1036 681 1151 740 recidit.
1175 701 1185 742 r

199 769 316 829 Audete
339 785 417 826 nunc
439 767 582 828 lacessere
604 767 729 826 divitem
753 767 860 844 quibus
883 769 965 827 vitae
989 787 1082 829 causa
1106 788 1152 829 su·

133 863 245 936 penest:
265 858 374 918 exerite
392 857 563 916 libertatem
581 856 708 916 fortibus
723 856 830 932 verbis,
849 857 964 933 siquid
979 857 1152 918 offenderit:

132 943 265 1028 (habet)
288 949 331 1021 et,
355 946 433 1023 quod
457 945 666 1005 difficillimum
688 945 760 1021 fuit,
786 948 848 1004 iam
871 948 1010 1022 expertus
1034 950 1082 1007 est
1104 967 1152 1007 re·

133 1057 250 1097 nonum.
297 1035 376 1111 quod
399 1037 425 1095 si
451 1035 526 1094 mihi
548 1034 670 1094 fortuna
692 1035 740 1094 vel
767 1036 881 1113 ingenii
903 1037 982 1095 vires
1005 1037 1056 1094 vcl
1084 1055 1152 1096 suas

134 1125 275 1201 dedisset,
303 1126 413 1184 crimen
435 1124 517 1184 istud
539 1141 600 1182 non
622 1125 773 1201 privatam
795 1125 981 1183 taxationem
1003 1125 1152 1184 formulae
1165 1139 1186 1188 rc

133 1214 310 1274 merebatur.
356 1232 502 1273 venenum
529 1213 609 1290 leges
635 1211 756 1287 habere,
780 1231 889 1289 emere,
912 1232 999 1273 nosse
1023 1213 1152 1290 denique

133 1305 251 1378 vetant,
283 1302 487 1362 inevitabilem
518 1305 633 1379 pestem
664 1302 781 1361 occulta
812 1301 917 1360 fraude
954 1305 1151 1380 grassantem.

134 1393 212 1452 male
234 1392 338 1452 haeret
358 1392 402 1451 ibi
424 1393 608 1466 innocentia,
633 1390 685 1449 ubi
707 1391 740 1448 in
762 1393 911 1467 potestate
934 1393 981 1450 est
1004 1394 1152 1452 secretum

134 1482 241 1556 scelus,
266 1481 350 1540 velut
377 1500 536 1555 venenum,
564 1483 594 1540 et
617 1478 735 1555 quidem
758 1482 1021 1556 praesentaneum,
1047 1482 1151 1540 inven-

133 1573 212 1645 tum,
244 1572 444 1647 conpositum,
468 1570 581 1631 ¹datum
612 1571 664 1629 est.
715 1569 894 1643 quantulum
925 1569 1052 1629 interest
1086 1573 1151 1646 quis
1164 1591 1186 1647 rs

133 1657 264 1718 biberit?
308 1660 396 1718 homo
424 1659 519 1733 dedit,
548 1661 579 1717 ct
604 1657 718 1717 homini
746 1656 812 1716 dari
838 1659 945 1733 potest.
991 1676 1052 1718 non
1077 1661 1150 1719 adeo

134 1748 241 1807 desunt
268 1747 405 1806 odiorum
427 1766 547 1823 causae,
574 1754 610 1806 ut
631 1749 693 1806 iam
715 1764 785 1805 rara
808 1747 944 1806 simultas
968 1748 1022 1824 sit3
1050 1751 1096 1820 et,
1118 1751 1152 1807 ut

133 1836 272 1896 videatur
299 1838 407 1913 aliquis
435 1836 512 1895 nihil
538 1836 634 1914 magis
663 1854 752 1912 quam
781 1836 877 1896 malos
907 1834 1016 1912 odisse,
1044 1837 1152 1897 libebit

134 1925 295 2002 aliquando
323 1927 442 2002 longius
470 1945 592 1985 manum
619 1926 771 2002 porrigere
788 1925 825 1994 ot
850 1924 1006 2002 indulgere
1031 1927 1149 1996 animis.

29 2037 32 2044 ·
134 2015 245 2076 credite
262 2015 345 2090 mihi,
367 2014 488 2090 indices,
508 2013 658 2073 difficilius
676 2015 722 2073 cst
740 2032 885 2072 venenum
903 2015 1039 2073 invenire
1059 2015 1187 2091 quamac

133 2123 296 2165 immmum.
384 2157 386 2161 ,

101 2195 115 2250 7
192 2182 262 2253 ¹Sed
293 2212 340 2252 me
371 2193 490 2253 conscia
520 2191 734 2251 mediocritatis
766 2189 924 2250 infirmitas
955 2192 1037 2252 intra
1069 2211 1150 2253 meas

134 2283 341 2343 tantummodo
360 2284 493 2342 continet
512 2280 655 2357 querelas.
688 2299 758 2338 nam
777 2280 927 2353 damnum,
949 2280 981 2339 id
1000 2283 1054 2357 ost,
1073 2282 1149 2341 iudi·

134 2392 190 2447 ces,
213 2374 422 2451 gravissimum
440 2390 555 2448 pauper
572 2370 679 2428 vulnus
703 2370 816 2445 accepi3
842 2369 921 2444 quod
938 2369 1014 2428 milri
1035 2370 1150 2431 diutius

134 2462 298 2521 deflendum
322 2462 402 2538 apud
420 2479 474 2520 vos
493 2478 584 2536 quam
606 2456 792 2534 probandum
811 2461 863 2517 est.
897 2476 967 2516 nam
986 2476 1148 2537 coarguen-
1161 2479 1185 2522 aa

134 2551 205 2610 dum
228 2551 347 2627 quidem
370 2549 542 2610 criminibus
567 2549 633 2624 quis
660 2547 817 2606 labor'est
840 2545 982 2607 adversus
1008 2549 1148 2609 confiten-

133 2638 215 2700 tem?
250 2639 361 2698 habent
375 2639 483 2699 divites
501 2638 557 2698 hoc
576 2655 693 2712 quoque
708 2637 811 2695 contra
825 2653 879 2695 nos
893 2637 1148 2712 contumeliosum,

206 2845 381 2900 ttriatesfl
440 2841 979 2909 tfiniamznum1130or.m‚odd.m
1035 2823 1150 2898 ealda

133 2917 206 2970 rium
225 2926 264 2982 ης
283 2915 439 2970 alneasium
458 2924 485 2968 P
547 2919 695 2967 tcausam
715 2919 747 2964 Μ
808 2913 963 2967 iexcrcite
980 2922 1009 2965 B
1062 2913 1150 2970 offen·

135 2988 220 3042 derit:
239 2987 269 3041 id
284 2987 360 3058 quod
374 2987 432 3042 aaa.
485 2991 501 3039 8
520 2984 608 3038 habat
620 2983 684 3039 add.
698 2984 778 3039 Desa.
789 3000 819 3052 p.
831 2988 879 3038 90:
899 3001 948 3039 om.
964 3005 987 3037 ω
1039 2989 1074 3040 10
1092 2987 1149 3055 pri-

133 3062 199 3113 vata
217 3069 269 3113 BV
335 3058 509 3182 taxationffir
527 3077 556 3120 y:
575 3055 747 3110 citationem
765 3063 860 3122 BVW3
882 3055 1022 3109 actionem
1041 3066 1083 3124 M3
1103 3073 1149 3111 er-

135 3184 308 3247 uctionemy
394 3188 427 3237 12
449 3186 507 3237 tem
525 3190 553 3234 B
637 3183 669 3233 13
692 3180 897 3247 potestatema
982 3186 1016 3234 14
1039 3182 1068 3234 ct
1086 3182 1149 3250 qui-

134 3256 198 3310 dem
217 3265 251 3322 fl,
274 3254 388 3309 idcio
480 3258 512 3307 16
536 3252 634 3305 datum
653 3267 703 3304 om.
721 3259 748 3302 Ρ
836 3255 869 3305 16
893 3250 1003 3305 dederit
1021 3259 1080 3304 nn

135 3332 168 3381 18
186 3327 261 3381 malo
280 3335 317 3394 M,
337 3343 350 3378 s
368 3343 402 3381 sa
439 3346 490 3378 ,ιιι
566 3321 703 3385 libebisa
784 3326 817 3374 19
836 3324 866 3376 et
884 3332 973 3377 ocal
1051 3328 1086 3377 20
1105 3326 1149 3377 est

134 3415 184 3453 om.
199 3408 227 3452 B
293 3403 326 3452 22
344 3412 390 3451 mc
413 3393 577 3451 'ctrinitatis
596 3402 629 3461 fl,
648 3403 749 3449 corat
803 3410 848 3447 me
866 3392 958 3447 hasV
1026 3399 1060 3447 23
1080 3410 1147 3462 qua·

133 3468 410 3534 rellaa11‚ldcl.o
483 3472 517 3521 24
536 3464 715 3536 gravissimus
735 3472 794 3516 fla!
809 3467 886 3532 (corr.
902 3465 943 3534 m)
1016 3471 1049 3519 25
1068 3481 1148 3520 coar·

119 3540 236 3610 grandi
250 3549 295 3613 1!;
315 3539 391 3596 dac
463 3543 497 3596 26
517 3537 594 3611 quiaz
613 3552 626 3590 s
644 3538 749 3591 iares.
769 3539 786 3589 2
804 3536 902 3590 littus
1045 3555 1046 3558 ¹
