2408 3840
146 168 212 234 242
461 167 716 225 cnosvaafflvs
733 167 839 225 Pasti

148 356 214 396 cum
242 334 367 397 diceres:
396 331 478 397 ‘ante
505 356 564 397 non
592 332 698 412 potui'
744 341 775 397 et
796 355 852 399 nos
872 337 930 396 hoo
954 338 1166 415 cogitavimus,

148 427 194 484 his
218 425 336 485 casibus
359 426 569 502 amplissimus
591 429 716 502 tempus.
753 445 808 487 nos
829 425 917 486 illum
939 425 997 487 tibi
1015 426 1097 485 diem
1115 426 1164 484 de-

149 514 258 587 dimus3
277 512 329 574 sed
347 517 419 590 quia
437 515 512 574 illud
530 517 618 576 citius
632 515 733 575 emisti
750 535 842 592 qnam
858 517 1056 592 speravimus,
1073 534 1165 592 supra

148 605 251 663 votum
265 606 400 663 nostrum
414 604 572 682 navigasti,
591 604 631 663 ad
647 605 816 681 proximum
833 605 906 667 litus
924 606 1044 667 mature
1061 604 1164 664 classis

149 692 300 768 adplicata
327 695 379 752 est.
426 693 560 771 egotibi
587 711 708 770 possum
730 693 804 754 satis
830 691 942 755 1111111
986 692 1195 756 felicitatem

148 784 281 841 nostram
312 780 476 858 perdidisti
522 801 608 859 ergo,
640 784 787 857 quantum
812 783 844 841 in
871 785 916 857 te,
948 784 1068 860 tempus
1095 801 1160 842 oon·

149 875 300 948 sumptum
323 873 377 945 est,
400 869 462 930 dias
485 872 617 946 excessit,
639 872 724 946 peius
746 873 812 947 pati
833 871 910 931 nihil
931 889 1090 947 possumus
1112 870 1160 931 sed

148 960 276 1035 pessima
303 958 357 1017 diu
383 960 522 1035 patimur.
567 962 689 1035 inputas
715 960 802 1021 nobis
827 962 976 1037 propitios
1001 964 1106 1021 ventos
1133 963 1160 1019 et

149 1049 310 1108 secundum
338 1067 419 1108 mare
448 1052 478 1107 et
505 1049 636 1109 civitatis
664 1049 821 1126 opulentae
848 1049 1065 1111 liberalitatem
1087 1067 1158 1124 quae
1196 1106 1198 1119 ,

149 1142 267 1196 tantum
295 1137 436 1196 frumenti
463 1136 598 1197 vendidit
625 1141 771 1214 quantum
797 1137 912 1199 duobus
941 1138 1064 1215 populis
1090 1139 1183 1200 satior

147 1231 233 1294 asset.
280 1226 501 1301 quantumlibet
523 1225 681 1286 velocitate
708 1229 763 1286 tun
784 1227 936 1304 glorieris,
958 1227 1157 1303 computati

148 1316 261 1390 placet,
285 1315 403 1389 quando
431 1315 561 1392 primum
584 1316 780 1399 conterminos
807 1318 914 1393 portus
932 1319 1045 1395 onusta
1071 1317 1156 1376 classo

149 1401 383 1484 deprehenderis,
407 1423 498 1479 quam
520 1403 604 1463 tarde
627 1424 647 1464 a
668 1405 768 1465 vicina
790 1404 1055 1481 civitate..venisti

216 1492 257 1550 nt
284 1492 388 1566 etiam,
421 1492 446 1552 si
474 1493 520 1553 dis
547 1494 659 1570 placet,
692 1494 797 1553 animo*
818 1491 990 1555 defenditur
1017 1496 1048 1553 ot
1074 1511 1156 1569 quam

150 1599 269 1640 causam
297 1581 448 1641 vexandae
478 1581 609 1642 civitatis
640 1582 793 1658 habuerit,
825 1583 951 1657 quaerit
996 1582 1077 1642 istud
1107 1597 1178 1658 egon

149 1672 333 1747 interrogare
352 1670 520 1731 debueram
556 1690 616 1731 non
633 1671 752 1747 ubique,
770 1671 892 1746 iudices,
907 1671 1086 1731 morandum
1102 1672 1154 1730 ost:

150 1759 293 1833 alioquin,
316 1759 341 1817 si
361 1759 434 1834 quid
451 1758 600 1835 requirere
619 1760 735 1835 vollem,
758 1761 854 1822 multa
876 1760 1081 1821 occurrissent.
1115 1776 1153 1819 so

150 1848 212 1906 lent
231 1850 310 1905 enim
328 1850 528 1925 nogotiatores
548 1852 667 1926 praeter
683 1849 757 1909 haec
772 1852 878 1926 aperta
895 1851 994 1927 pretia
1011 1851 1153 1927 privatum

151 1936 264 2011 aliquid
292 1954 327 1996 ac
354 1938 510 2014 proprium
536 1938 675 2015 stipulari
703 1938 821 2014 utique,
850 1956 918 1999 oum
945 1939 1075 2001 alienam
1100 1954 1153 1995 rom

150 2025 289 2085 vendunt.
335 2028 434 2101 potest
456 2025 534 2102 fieri,
561 2030 595 2087 ut
617 2027 713 2104 primo
741 2027 851 2087 lucrari
873 2027 1004 2087 voluerit
1026 2022 1176 2104 pretium·

150 2116 243 2175 serius
271 2113 376 2174 deinde
409 2115 579 2181 subvenerit
609 2114 776 2175 reddendae
806 2115 934 2176 rationis
965 2116 1152 2190 dicendaeque

151 2223 256 2263 causae
289 2204 454 2285 cogitatio
493 2204 587 2264 veniit
619 2205 745 2265 fortasse
776 2205 960 2265 frumentum
991 2206 1088 2279 lucro,
1115 2221 1152 2263 re

151 2294 303 2368 demptum
326 2295 371 2353 est
393 2293 568 2369 patrocinio.
605 2297 704 2371 potest
726 2293 798 2368 fieri,
821 2296 856 2352 ut
878 2294 1013 2370 aliquam
1036 2295 1152 2373 gratiam

151 2382 316 2457 speraverit
339 2400 357 2441 a
380 2382 501 2442 civitate
524 2385 655 2457 servata,
679 2382 795 2442 occulta
818 2383 965 2458 quaedam
986 2382 1152 2444 incivitate

224 2604 579 2672 ldicerisB3dixerisV
643 2604 834 2669 chinsica
895 2615 992 2658 nonV
1050 2603 1153 2674 aquia:

151 2694 182 2744 q3
197 2676 234 2729 ad
252 2685 291 2743 Β,
310 2676 378 2745 qnia
397 2676 434 2731 ad
451 2686 481 2743 V3
500 2677 557 2745 qod
575 2685 607 2729 Β
624 2678 701 2745 (corr.
715 2680 757 2746 m)
825 2681 926 2746 tergo
946 2678 1059 2731 tantum
1077 2691 1153 2746 quao-

151 2750 211 2800 tum
230 2756 250 2799 V
319 2752 352 2800 10
372 2749 495 2801 tantum:
515 2751 576 2803 tum
593 2756 621 2800 Β
683 2749 819 2816 quantum
837 2746 905 2801 licet
923 2756 982 2801 ΒΒ
1055 2755 1085 2802 11
1104 2746 1153 2816 glo

151 2835 230 2889 rieris
252 2852 314 2889 eo-
303 2836 371 2890 -arie
389 2845 417 2889 Β
507 2842 539 2890 12
563 2835 688 2904 quando
708 2822 779 2904 qiis
855 2835 1114 2892 contaminatos:

151 2908 249 2975 partus
267 2916 295 2960 Β
364 2906 486 2961 honusta
505 2917 527 2960 V
596 2912 628 2960 13
648 2907 736 2962 conde
757 2906 917 2961 rehenderis
936 2916 975 2974 Β,
995 2907 1155 2977 conprehen-

152 2978 226 3031 doris
246 2987 311 3042 Meo
390 2981 602 3032 1411111111
678 2977 741 3048 disp
756 2979 810 3032 cat
828 2988 866 3047 Β,
884 2978 929 3033 vel
943 2978 999 3032 diis
1001 2979 1156 3063 placet-23

153 3049 340 3118 displiceat]
396 3067 493 3118 qnam:
513 3049 588 3119 qnod
602 3058 630 3102 P
692 3055 724 3102 15
744 3066 809 3119 ergo
828 3060 849 3102 V
909 3053 943 3103 18
962 3050 1039 3105 enim
1056 3048 1156 3119 caepa:

578 3120 654 3175 recia

152 3192 181 3244 in
199 3201 237 3259 Β,
261 3191 291 3245 hi
309 3201 369 3259 VM3
392 3191 467 3256 11111
547 3139 660 3262 nldgotia
678 3201 699 3244 V
782 3197 814 3245 19
838 3191 984 3263 stipulari:
1008 3191 1143 3263 -pulan'
1132 3206 1159 3243 ot

152 3281 218 3317 corr
234 3273 262 3317 Β
324 3262 447 3318 10111111
466 3272 504 3331 Β,
522 3279 554 3317 ra
749 3263 889 3318 voluerint
905 3273 948 3317 VJ
1009 3270 1043 3319 21
1063 3262 1159 3319 roddan

153 3334 327 3388 deuoluerint
349 3334 468 3388 rationis
486 3344 525 3400 Β,
549 3280 731 3403 rdudendeqi
748 3334 869 3389 voluerit
890 3334 1043 3405 rationis(
1032 3338 1075 3405 (m
1090 3348 1158 3403 supr

152 3405 195 3459 vel
215 3405 332 3460 volverit
349 3404 393 3460 vel
412 3404 503 3475 volvo)
517 3414 548 3458 Β
606 3411 638 3458 22
658 3406 845 3476 cogitationes
864 3416 896 3460 Β
947 3406 1028 3462 lucro
1046 3406 1159 3461 fromen-

152 3479 212 3530 tum
232 3487 263 3530 Β
336 3477 481 3545 redempto
499 3479 641 3546 Β111(-ο
661 3494 694 3532 ec
712 3481 796 3547 -1Β)
875 3482 909 3532 23
929 3479 1161 3548 patrocinium!

147 3548 231 3603 24111
252 3558 348 3606 oetan
