2408 3840
360 152 594 208 DaouAMATIO
613 153 677 207 XVI
691 159 768 208 6-8.
1005 153 1069 218 297

52 340 217 399 opponam
259 322 331 398 quid
355 321 490 382 detines?
514 322 585 398 quid
607 321 754 382 moraris?
798 323 854 382 hoc
877 325 922 382 est
944 327 1071 399 tempus,

53 411 279 488 propterquod
302 413 422 471 coimus.
459 413 582 488 nescias,
606 431 644 470 an
668 412 776 489 diligat
795 414 876 471 ouius
900 411 1072 471 nonhabet

56 501 261 578 experimenta
283 502 343 560 nisi
365 501 429 560 sola
446 501 583 576 felicitas,
607 505 646 576 et,
669 503 695 560 si
712 503 793 560 vitae
816 499 948 576 pr'aestes
972 502 1072 560 omnia

56 590 202 665 secunda,
226 591 337 649 amicus
361 589 457 650 otiosa
479 609 526 650 res
549 593 603 650 est.
649 591 798 649 dicturum
820 610 867 648 me
889 593 992 666 putas,
1017 591 1072 649 hoc

30 681 198 755 esxpectat
220 678 375 757 alligatus,
402 680 539 754 expectat
560 681 659 739 totum
681 679 772 738 immo
796 698 888 756 genus
911 679 1072 754 hominum,

53 771 89 829 ct
110 786 166 828 nos
189 770 220 825 in
243 767 320 827 hanc
343 767 430 827 fidem
452 769 653 844 persuasionis
680 771 867 845 receperunt,
894 771 941 843 ut,
970 769 995 826 si
1018 769 1073 827 hoc

55 857 182 932 faciam,
204 875 291 916 nemo
314 857 447 918 miretur.
492 859 538 916 vis
561 858 648 932 scire,
670 860 775 930 mater,
802 877 892 932 quem
913 857 1073 930 adfectum,

57 965 150 1022 quam
179 947 376 1005 reverentiam
404 947 437 1005 in
467 946 688 1006 calamitatibus
719 948 813 1005 amico
842 948 994 1022 praestare
1025 945 1073 1004 de-

56 1033 203 1094 beamus?
247 1035 361 1094 nullum
383 1036 479 1113 legem
501 1036 612 1110 timuit,
635 1054 671 1093 ne
694 1036 917 1110 relinqueretur.

19 1145 45 1188 rc
126 1123 239 1183 Differo
262 1125 383 1183 interim
406 1142 526 1185 causam
549 1125 708 1199 amicitiae,
732 1143 819 1201 agere
842 1125 995 1200 paulisper
1013 1143 1074 1182 om-

57 1212 145 1273 nium
168 1212 254 1271 libet:
278 1217 308 1272 et
329 1215 475 1289 tyrannus
497 1213 572 1272 mihi
587 1214 728 1287 credidit,
750 1215 818 1274 volo
841 1214 959 1272 reverti.
996 1213 1075 1271 nulli

58 1321 201 1377 uuquam,
223 1303 328 1375 mater,
350 1303 418 1378 plus
442 1304 591 1362 commisit
612 1301 693 1378 fides,
716 1305 864 1360 neminem
886 1303 982 1379 magis
1001 1301 1074 1361 obli-

59 1393 210 1468 gaverunt
238 1393 464 1467 expectationes.
506 1391 632 1451 credidit
659 1392 735 1450 mihi
763 1392 851 1452 homo
881 1392 929 1450 cui
955 1410 1002 1450 res
1030 1392 1074 1449 ta-

58 1478 203 1539 vorabilis
223 1480 380 1557 contingit,
403 1480 429 1540 si
448 1480 594 1556 decipitur
617 1481 669 1556 qui
692 1481 749 1539 sibi
771 1480 953 1559 excogitasse
972 1482 1075 1540 contra

24 1587 164 1631 uomnes
187 1569 296 1628 amicos
318 1569 446 1643 videtur,
468 1572 502 1628 ut
524 1570 571 1628 illi
592 1571 810 1645 imponeremus.
848 1589 907 1629 non
930 1569 1074 1644 estquod

59 1657 135 1717 milri
162 1658 323 1734 supplicia,
356 1658 435 1733 quod
462 1677 579 1718 omnem
609 1659 714 1717 mortis
747 1662 939 1734 apparatum,
970 1661 1075 1732 mater,

62 1764 204 1823 opponas.
249 1747 366 1806 facinus
389 1750 446 1823 cst,
474 1747 505 1804 id
527 1749 646 1806 tantum
667 1748 836 1809 hominibus
860 1748 935 1806 bene
958 1748 1074 1806 credere

61 1835 142 1912 quod
164 1835 292 1912 expedit,
315 1838 346 1895 et
363 1839 463 1895 actum
486 1841 531 1896 cst
553 1835 693 1895 derebus
716 1837 864 1911 humanis,
886 1838 911 1895 si
930 1837 994 1895 sola
1017 1854 1075 1895 scr·

62 1928 151 1984 ratur
179 1925 356 1984 utilitatium
383 1924 463 1985 fides.
509 1925 659 1984 infinitum
683 1929 728 1984 cst
751 1928 897 2001 quantum
919 1925 993 1983 mihi
1015 1944 1075 1984 cre-

26 2013 173 2075 nudent
194 2015 348 2089 tyrannus,
371 2014 397 2074 si
418 2034 465 2072 me
489 2014 629 2074 occiderit
650 2033 808 2074 reversum.

128 2102 295 2180 Intellegit,
321 2102 447 2178 iudices,
476 2107 506 2162 ct
528 2103 594 2180 ipsa
620 2105 716 2163 mater
739 2105 868 2179 quantae
890 2100 1110 2162 reverentiaeS

64 2191 161 2251 locum
189 2193 302 2252 amicus
330 2193 478 2267 optineat,
506 2211 582 2268 quac
611 2193 718 2268 incipit
744 2192 920 2251 contendere
948 2191 1075 2249 adfectu.

63 2281 121 2340 nisi
143 2280 233 2339 fallor
255 2282 357 2357 igitur,
380 2299 447 2339 cum
471 2300 525 2359 ego
548 2283 604 2340 sim
627 2283 753 2340 materia
775 2281 847 2355 litis,
870 2280 925 2340 hoc
947 2281 1076 2355 primum

65 2370 221 2430 aestimare
254 2370 379 2445 debetis,
411 2372 478 2429 uter
508 2372 541 2428 in
570 2390 636 2429 mea
666 2371 837 2429 calamitate
866 2370 933 2446 plus
965 2369 1075 2428 fecerit.

30 2461 134 2521 stante
166 2460 266 2518 omnia
297 2460 437 2535 permitte
463 2459 538 2518 milri
568 2460 605 2518 de
637 2461 693 2519 hoc
725 2459 857 2534 adfectus
885 2459 932 2517 tui
962 2477 1077 2536 genere,

63 2551 169 2622 mater,
192 2547 283 2624 queri.
325 2548 398 2624 quid
419 2548 476 2607 tibi
497 2550 561 2607 tam
578 2547 691 2622 rabido,
714 2552 777 2607 tam
799 2546 958 2623 praecipiti
975 2547 1077 2606 dolore

65 2635 207 2697 voluisti?
244 2635 317 2712 quid·
339 2636 474 2697 adversis·
492 2639 552 2696 tuis
574 2640 725 2714 praestare
747 2638 855 2696 faciem
874 2639 904 2695 ot
925 2636 957 2695 in
976 2637 1077 2695 oculos

64 2728 132 2786 tuos
155 2726 287 2803 accipere
310 2724 467 2785 nuntium?
491 2729 572 2786 'non
593 2727 743 2801 reliquisti
764 2726 831 2801 tibi,
853 2728 888 2784 ut
910 2725 1077 2799 redimeres

119 3002 412 3073 1quinrr,quidcm
448 3002 551 3056 detinis
561 3012 595 3069 Β,
609 3013 706 3057 corat
742 2971 852 3071 t&tnrpus
866 3011 887 3053 V
928 3001 1077 3055 tcoiimus

66 3073 129 3130 oor.
185 3074 368 3128 oimmotum
381 3083 432 3126 Βν
478 3092 530 3128 nus
543 3083 579 3140 B,
593 3089 628 3143 ge
642 3085 746 3142 capro
800 3080 821 3127 6,
834 3071 1038 3147 persuatsiouis
1052 3081 1080 3124 Β

65 3151 98 3199 12
118 3145 174 3198 fide
193 3145 217 3199 si
234 3155 286 3198 BV
364 3150 397 3198 13
416 3145 618 3214 expectationis
636 3154 665 3198 Β
734 3144 910 3211 favorabilis3
929 3163 946 3198 v
964 3160 998 3198 ecc
1015 3143 1034 3195 b
1053 3152 1080 3195 Β

65 3223 98 3270 16
123 3232 205 3270 omne
227 3217 325 3271 martis
343 3226 382 3283 Β;
408 3231 518 3270 omnem
541 3217 610 3269 artis
633 3226 699 3283 Vel,
726 3233 835 3270 ornnem
858 3216 956 3269 martis
980 3224 1011 3267 Β

64 3294 98 3342 18
118 3289 159 3342 et:
178 3289 212 3340 ut
229 3300 249 3340 c
328 3292 361 3353 19
380 3287 549 3342 utilitatium
566 3296 604 3341 Β;
625 3305 685 3340 -urn
703 3290 802 3356 reliqui
875 3293 906 3340 21
928 3287 1035 3356 quanta
1053 3294 1080 3337 Β

63 3365 98 3414 13
118 3360 180 3412 'sum
198 3368 219 3411 s
272 3359 297 3413 ei
314 3358 512 3424 materialiciis
525 3368 554 3412 Β
615 3365 649 3411 24
667 3361 701 3412 ut
719 3368 776 3424 aas
834 3359 928 3412 media
946 3367 967 3409 V
1017 3362 1080 3427 post

62 3473 128 3521 m'ea
145 3483 201 3522 raa.
217 3469 234 3520 5
252 3467 293 3521 vel
312 3470 330 3520 6
348 3466 398 3520 litt.
415 3475 446 3519 Μ
512 3471 545 3519 25
563 3448 612 3520 tte
630 3475 658 3518 Β
719 3466 761 3519 tui
780 3479 860 3530 orac
928 3470 962 3518 26
982 3464 1082 3532 quaeri

62 3547 91 3592 Β
162 3537 298 3606 rapidoy
369 3543 404 3592 28
422 3538 564 3592 nuntium:
584 3537 755 3594 beneficium
775 3545 805 3593 Ν
