2408 3840
372 119 605 175 DECLAMATIO
623 120 675 175 VH
690 127 768 176 1-3.
1014 123 1080 188 135
1161 165 1168 180 .

63 291 199 350 omnium
230 289 403 350 mortalium
433 292 517 366 pete,
549 308 586 349 nc
617 308 684 349 cum
711 290 860 365 inaudita,
893 291 1080 350 incredibilia

62 397 170 454 passus
194 380 260 453 sim,
282 378 415 437 misereri
437 379 537 438 velitis
559 379 691 454 corporis
715 380 786 452 mei,
811 379 958 438 crudelius
981 383 1011 439 et
1033 383 1078 438 in-

64 467 184 546 dignius
209 470 254 527 est
278 487 367 543 quam
389 470 535 543 torqueri,
563 487 622 526 non
644 469 804 543 impetrare
831 471 987 527 tormenta.
1033 473 1079 529 est

63 557 260 616 adversormn
281 575 414 615 meorum
437 559 467 615 et
493 557 553 616 ista
574 559 693 616 novitas
717 557 796 631 quod
824 575 939 617 necesse
962 558 1078 617 habetis

34 664 100 720 cea
123 645 200 704 mihi
221 648 338 705 ratione
361 663 529 704 succurrere
553 664 612 720 qua
635 646 770 705 edissetis
794 646 900 704 alium:
922 664 976 704 nec
998 648 1078 721 quic-

63 754 159 810 quam
182 737 227 793 est
248 734 366 793 homine
388 734 546 808 infelicius,
567 754 622 809 pro
644 752 703 810 quo
727 737 876 794 tormenta
899 737 975 794 suut
1011 755 1078 810 par-

63 842 216 882 cussorem
239 843 257 883 a
280 843 327 882 me
349 823 405 881 filii
427 825 487 882 mei
509 823 608 883 visum
627 841 690 883 esse
706 824 861 883 contendo.
899 825 1014 882 facinus
1033 828 1079 883 est

62 913 120 972 hoc
140 930 195 971 vos
216 931 276 971 non
299 913 524 988 deprehendere,
542 913 573 971 si
594 913 781 972 mendacium
805 915 858 972 est.
895 913 1010 971 facinus
1033 917 1079 971 est

59 1003 120 1061 boc
140 1019 192 1059 me
210 1020 274 1060 nen
294 1001 430 1078 probare,
454 1001 480 1060 si
500 1021 603 1060 verum
626 1004 678 1061 est.
716 1002 795 1076 quod
819 1002 856 1060 ad
879 1021 926 1061 me
950 1001 1078 1076 quidem,

23 1090 191 1165 roindices,
222 1090 364 1166 pertinet,
397 1091 534 1149 orbitatis
564 1109 647 1149 meae
674 1093 776 1166 repqto
803 1094 1015 1167 praesentiam,
1048 1093 1078 1149 et

63 1183 184 1238 noctem
211 1179 296 1238 illam
317 1197 418 1239 rursus
446 1181 516 1238 ante
540 1179 639 1239 oculos
667 1198 747 1239 meos
775 1181 971 1257 cogitationes
992 1198 1077 1255 repo·

63 1271 149 1327 nunt.
195 1269 256 1326 iam
283 1269 358 1327 mibi
381 1269 483 1328 videor
515 1271 545 1327 ct
573 1269 605 1325 in
636 1270 792 1327 tormentis
825 1287 887 1328 esee
919 1269 1076 1328 confessus.

62 1357 175 1432 filium,
201 1357 326 1432 iudices,
353 1358 445 1417 habui
472 1359 548 1417 sicut
576 1357 665 1416 erecti
689 1376 723 1416 ac
750 1357 885 1417 sublimis
914 1358 1006 1416 animi
1033 1359 1077 1417 ita

64 1447 117 1522 qui
141 1446 273 1506 nondum
299 1465 367 1506 suos
394 1446 517 1505 haberet
543 1446 678 1505 inimicos
703 1451 733 1504 et
756 1466 843 1522 quem
868 1465 953 1505 nemo
982 1447 1077 1506 adhuc

23 1553 49 1593 rs
62 1537 124 1595 nisi
147 1554 236 1595 causa
257 1538 377 1595 tantum
399 1537 458 1594 mei
481 1536 590 1594 doloris
613 1535 764 1594 occideret.
802 1554 819 1594 o
842 1539 1000 1610 parentum
1022 1538 1076 1594 mi·

62 1644 132 1684 sera
155 1625 300 1699 condicio,
328 1643 418 1700 quam
440 1625 525 1684 nevis
548 1624 759 1699 inusitatisque
785 1625 922 1699 patemus
948 1624 1076 1684 insidiis!

61 1733 119 1773 nos
148 1730 369 1789 exasperamus,
396 1732 450 1774 nos
479 1713 666 1788 offendimus,
695 1713 809 1772 inimici
837 1716 939 1772 tamen
968 1712 1076 1773 liberos

61 1805 182 1862 nostros
206 1792 339 1862 ederunt.
386 1804 452 1877 quis
474 1803 530 1862 hoc
553 1820 697 1877 unquam,
724 1803 850 1877 iudices,
878 1803 1077 1861 simultatium

61 1891 214 1951 timuisset
235 1894 397 1969 ingenium,
419 1894 454 1950 ut
472 1891 574 1950 eedem
592 1891 702 1966 aliquis
725 1892 906 1969 excogitaret
929 1894 1028 1950 animo
1047 1894 1077 1950 et

20 1981 147 2056 acquod
169 1980 266 2056 parcit
289 1983 320 2040 et
342 1980 421 2056 quod
444 1978 572 2040 oceidit?
617 1981 742 2055 reliqua,
765 1981 885 2055 iudices,
908 2000 967 2040 non
991 1979 1076 2039 debe·

62 2071 135 2130 bam
157 2070 215 2128 nisi
237 2069 269 2127 in
292 2071 465 2145 quaestione
487 2088 615 2128 narrare.
653 2070 753 2128 felices
775 2070 844 2128 illos
867 2071 899 2127 in
921 2071 981 2127 mei
999 2088 1078 2128 com·
1103 2115 1105 2119 ,

61 2159 220 2235 paratione
247 2161 348 2235 patres
372 2159 424 2233 qui
445 2161 557 2233 perisse
579 2157 687 2217 liberos
713 2176 781 2218 suos
804 2160 917 2216 nuntiis
941 2158 1076 2217 credunt!

62 2268 119 2326 ego
143 2266 209 2307 sum
227 2247 364 2307 inaudita
381 2248 527 2307 malcrum
545 2248 679 2306 novitate
695 2265 852 2324 percussus
871 2246 953 2306 cuius
972 2247 1075 2304 unicus

60 2338 132 2396 ideo
154 2339 274 2396 tantum
297 2338 409 2396 eccisus
433 2338 486 2411 est,
509 2338 544 2394 ut
565 2336 704 2396 viderem.

19 2442 48 2482 as
132 2425 364 2485 Revertebamur
380 2428 467 2484 nocte
485 2425 606 2501 pariter,
625 2427 702 2484 sicut
720 2425 820 2484 omnia
842 2442 896 2482 nos
915 2426 995 2484 vitae
1018 2427 1073 2483 mi·
1092 2425 1114 2479 8

62 2515 189 2574 nisteria
215 2514 390 2592 iungebant,
421 2517 451 2573 et
477 2514 611 2573 homines
639 2513 745 2590 quibus
773 2532 832 2572 uon
862 2531 961 2573 servos
989 2532 1076 2590 prae-

62 2601 166 2662 stabat
182 2603 303 2662 fortuna
321 2603 465 2678 custodes,
485 2602 643 2662 tuebamur
660 2621 823 2678 pauperem
840 2605 945 2661 mutua
962 2604 1076 2679 pietate

61 2692 241 2752 comitatum
269 2692 406 2752 invicem>
428 2694 620 2767 sustinentes,
650 2694 779 2751 invicem
811 2693 906 2750 innixi
935 2711 989 2751 nec
1018 2691 1076 2752 nisi

62 2799 174 2858 magna
195 2782 378 2858 percussoris
401 2781 557 2859 diligentia
580 2781 751 2856 separandi,
778 2800 848 2840 cum
870 2781 952 2840 dives
977 2781 1075 2840 medio

18 2887 48 2928 so
61 2873 160 2930 noctis
196 2872 316 2929 horrore
346 2870 450 2930 stricto
483 2889 622 2929 mucrone
653 2871 793 2945 prosiluit
823 2873 855 2930 et
886 2870 1075 2947 stupentibus

61 2961 260 3034 attonitisque
291 2959 406 3019 miseris
433 2958 566 3018 confodit
593 2959 680 3018 illum
711 2960 877 3033 fortiorem,
909 2961 996 3018 illum
1023 2959 1077 3034 qui

134 3181 332 3236 ladversorifi
346 3193 373 3236 P
425 3185 503 3237 sest
517 3199 567 3237 om.
587 3196 618 3247 ey
673 3187 705 3236 13
723 3181 842 3236 sullimis
856 3191 890 3234 Μ
937 3185 969 3234 1⁶
989 3196 1074 3234 causa

62 3253 119 3307 mei
137 3255 249 3308 tantum
268 3253 371 3308 doloris
387 3255 436 3310 scd
453 3255 558 3308 additis
575 3255 663 3324 siquis
680 3253 903 3323 compositiones
924 3262 946 3305 V
1002 3252 1074 3305 occi·

62 3325 144 3378 deret
161 3325 303 3395 acciperet
320 3342 337 3379 o
356 3335 383 3378 P
467 3330 499 3378 16
518 3341 618 3394 quam:
638 3326 713 3392 quod
731 3335 758 3378 Ρ
803 3362 805 3366 ⁴
847 3329 879 3377 18
899 3322 1077 3382 simultatum

62 3405 114 3450 uc
192 3401 225 3479 19
244 3396 356 3451 eosdem
374 3405 407 3450 Μ
489 3396 688 3466 excogitares
770 3400 804 3449 20
828 3395 946 3450 debeam
968 3405 1006 3448 Vc

63 3507 98 3556 30
119 3485 217 3569 noctds
239 3511 261 3554 V
327 3502 469 3572 prosiliuit
491 3511 513 3555 V
