2408 3840
155 160 219 224 278
362 231 365 234 .
541 159 616 216 onu
633 159 784 215 Po'rlon

154 350 221 388 rum
244 329 392 388 custodire
415 329 603 406 probitatem.
640 329 750 388 nullius
773 347 906 405 unquam
927 346 983 404 per
1004 328 1083 392 benc
1106 345 1158 387 ma·

153 419 288 478 trimonii
310 419 434 478 turbata
452 418 607 478 concordia
625 420 678 478 est.
714 436 800 477 nemo
820 418 942 493 questus
960 418 1006 477 est
1028 435 1084 493 pro
1107 415 1160 474 lilio

153 509 247 583 pater.
298 527 384 567 nemo
417 508 575 567 exhaustas
607 507 765 566 facultates
796 508 829 565 in
860 505 1051 566 avidissimos
1088 507 1161 564 sinus

152 597 354 672 paenitentiae
387 597 488 655 dolore
520 596 648 656 deflevit.
694 597 821 670 temptet
846 595 918 654 licet
947 595 1161 673 ingratissimus

153 686 268 746 iuvenis
291 686 437 744 invidiam
458 687 583 745 miserae
606 684 702 744 facere
727 684 834 761 prioris
857 684 1009 758 adfectus,
1035 703 1097 744 non
1117 701 1190 759 po=s

152 776 232 833 terat
259 774 373 834 obicere
401 776 549 834 meretrici
576 776 607 834 et
638 774 719 851 quod
751 774 874 848 amarit,
900 775 933 832 et
959 773 1041 850 quod
1070 790 1162 832 amara

153 864 282 923 desierit.
328 882 364 922 ne
397 882 484 938 quem
516 865 611 942 igitur
638 864 791 922 accusator
818 862 875 922 hac
901 863 1000 938 prima
1031 863 1162 921 fortunae

153 971 223 1012 suae
251 953 474 1028 conploratione
501 952 644 1029 decipiat,
671 953 826 1027 tamquam
852 951 1018 1010 meretricis
1045 951 1161 1010 caritate

152 1044 343 1118 consumptus
367 1042 421 1115 sit,
447 1043 545 1100 securi
567 1042 661 1114 estote
683 1058 738 1116 pro
760 1040 931 1100 innocentia
952 1041 1071 1114 nostra,
1098 1038 1160 1098 talis

151 1131 272 1205 incidit,
299 1131 370 1190 talis
393 1130 547 1190 adamavit
572 1149 626 1188 nec
653 1129 759 1188 habuit
784 1128 863 1204 quod
889 1128 1030 1204 perderet
1051 1130 1084 1187 in
1104 1131 1186 1186 amo

151 1220 299 1279 inmodico
328 1219 432 1278 ardore
459 1220 518 1279 nisi
544 1221 682 1278 mentem.
728 1218 845 1277 vidistis
871 1219 951 1277 enim
978 1219 1158 1277 notissimum

151 1311 217 1368 tota
240 1310 363 1368 civitate
385 1308 533 1367 miserum.
580 1327 647 1367 cum
669 1307 809 1383 lupanari
831 1305 968 1366 noctibus
991 1306 1096 1366 diebus
1116 1304 1157 1362 de·

152 1398 283 1456 sarciens
306 1399 349 1470 et,
374 1398 510 1471 quamvis
532 1397 809 1475 indulgentissimae
830 1396 949 1474 puellae
974 1395 1157 1471 simplicitate

151 1487 309 1559 frueretur,
327 1485 415 1544 modo
429 1488 531 1544 tamen
544 1485 710 1544 maledictis
727 1484 952 1562 opprobriisque
966 1484 1062 1562 vulgi,
1080 1481 1156 1542 modo

152 1573 255 1632 crebra
273 1573 414 1632 rivalium
432 1574 620 1634 contentione
639 1575 774 1649 pulsatus
793 1572 875 1650 abigi
896 1576 999 1632 tamen
1018 1571 1180 1649 conpescit

152 1682 209 1738 que
236 1682 297 1722 non
323 1666 436 1739 posset,
464 1666 559 1723 movit
585 1665 774 1723 mitissimam
800 1662 933 1737 puellam
962 1661 1012 1721 hic
1039 1660 1154 1721 infelicis

153 1753 294 1812 adfectus.
340 1753 490 1811 laboranti
516 1755 612 1828 primo
636 1752 683 1811 sui
705 1751 801 1810 voluit
823 1751 968 1810 facultate
989 1766 1154 1818 succurrere,

152 1841 203 1900 sed
222 1842 363 1917 quicquid
381 1841 554 1915 indulserat,
577 1840 699 1901 fovebat
717 1841 860 1914 ardorem,
885 1858 1021 1916 quaeque
1041 1842 1074 1899 in
1089 1839 1153 1897 banc

152 1931 330 2006 patientiam
352 1948 446 2006 prona
468 1932 621 2005 persuasio
645 1933 702 2002 est,
726 1929 797 2005 quia
819 1928 896 1988 nihil
918 1928 1085 2004 praestanti
1103 1943 1153 1985 me

116 2018 134 2072 3
153 2021 245 2078 retrix
268 2021 331 2077 tam
354 2038 442 2094 saepe
461 2021 654 2096 contingeret,
673 2020 789 2079 amator
807 2018 865 2078 sibi
883 2017 1051 2077 videbatur.
1085 2015 1177 2093 post-¹⁸

153 2128 243 2184 quam
266 2108 342 2167 nihil
360 2109 521 2181 miseratio,
543 2107 620 2166 nihil
642 2106 815 2184 proficiebat
835 2107 1019 2180 humanitas,
1040 2105 1152 2181 tempta·

152 2200 197 2256 vit
216 2199 377 2273 asperitate
396 2197 550 2256 discutere.
586 2197 731 2273 poposcit,
755 2197 888 2257 exclusit
925 2214 985 2254 non
1009 2192 1152 2254 defuerunt

152 2288 259 2346 misero
286 2304 400 2361 procae,
434 2285 568 2344 adhibita
595 2288 665 2345 sunt
692 2304 727 2344 ex
755 2284 820 2360 ipsa
850 2284 966 2344 iuvenis
994 2283 1150 2344 condicione

152 2376 285 2433 consilia.
331 2374 382 2434 sed
404 2376 463 2433 ista
486 2374 636 2447 vincebat,
664 2376 695 2432 et
718 2375 795 2434 vires
818 2375 928 2433 amoris
953 2373 1150 2448 impedimenta

152 2463 329 2539 perdebant,
356 2463 448 2522 donec
475 2464 675 2540 intellegeret,
702 2464 853 2521 hominem
875 2462 928 2539 qui
954 2463 1096 2538 explicari
1114 2466 1174 2519 ret

152 2554 233 2610 tione
261 2571 321 2610 non
344 2554 476 2627 poterat,
503 2553 679 2612 necessitate
701 2550 886 2611 servandum.
931 2553 1022 2626 puto,
1047 2549 1150 2615 iudicat

152 2642 265 2699 frustra
296 2642 373 2699 male
406 2641 490 2699 audit
525 2641 674 2700 inmodico
710 2658 825 2716 pauper
861 2639 974 2700 ardore.
1028 2637 1149 2699 meretrix

327 2866 340 2928 t

225 2879 370 2986 lprobrt'e
388 2926 417 2969 Β
486 2898 587 2971 11ch
671 2922 800 2970 3nemo:
819 2932 855 2969 no
874 2917 904 2986 (n
921 2917 953 2970 ia
967 2932 1023 2971 ras.
1039 2932 1072 2970 aa
1088 2915 1152 2983 m)1

153 3040 296 3094 binvidia
313 3043 417 3110 Bt'(m
437 3040 544 3110 add&
598 3040 705 3094 faceret
722 3048 750 3094 Ι
802 3003 866 3110 prid
878 3048 906 3094 Ι
961 3040 1152 3095 incusator!

154 3153 169 3200 9
189 3147 279 3200 securi
298 3164 349 3202 om.
363 3157 392 3200 Β
470 3146 537 3200 talis
555 3145 656 3201 incidit
673 3163 724 3201 om.
741 3155 774 3212 B,
796 3156 904 3218 supro
990 3153 1024 3201 11
1044 3119 1151 3202 inmodit

152 3264 180 3306 B
232 3254 493 3319 nocentissimumc
566 3258 599 3306 14
617 3268 672 3322 que
690 3266 776 3316 ome
844 3257 876 3306 15
896 3234 1113 3308 contention⁰l
1192 3234 1194 3261 ¹

145 3324 282 3395 pulsatur
299 3334 333 3380 Μ
402 3329 435 3380 lc
454 3325 547 3379 moret
565 3333 616 3378 BV
670 3322 860 3378 imitissimam
877 3332 905 3378 Ι
978 3330 1010 3379 11
1029 3324 1151 3395 primos:
1192 3374 1194 3387 Ι

135 3398 236 3468 prima
257 3418 281 3454 ω
369 3405 402 3456 18
423 3398 480 3454 hac
498 3395 734 3478 impatientiam
808 3400 843 3446 11
859 3396 1054 3475 perpennaaio
1072 3404 1097 3450 Ι

124 3475 291 3541 praestant
308 3485 349 3546 B,
370 3474 381 3530 i
401 3473 507 3530 addo
582 3473 621 3524 ‘lt
643 3464 759 3520 adsbrta.
779 3470 804 3513 ΙΙ
870 3466 912 3511 Ἃ
925 3477 1031 3513 amaras
1044 3480 1078 3514 aa
1091 3467 1159 3513 -au
1192 3468 1194 3479 ·

118 3551 159 3600 26
181 3548 386 3623 intellegeret
408 3561 441 3605 a:
464 3547 533 3603 -ent
552 3566 575 3598 a
648 3534 809 3592 bominum
827 3538 870 3580 no
936 3532 977 3578 ‘aa
990 3529 1155 3590 sami-¹
