2408 3840
394 178 629 234 DECLAMATIO
648 179 712 232 XIX
727 186 840 235 10-12.
1054 177 1119 243 347

101 351 160 408 hoc
180 349 277 409 solum
296 349 392 408 dicere
417 369 452 407 ex
469 350 593 407 maximi
610 348 751 407 facinoris
770 348 980 407 colluctatione
999 349 1119 407 veniens

100 437 178 516 quid
202 439 360 514 audierim,
387 438 520 498 nondum
543 439 617 496 scio:
645 439 726 496 totus
751 437 849 495 adhuc
876 456 943 495 sum
968 439 1001 494 in
1023 437 1118 512 parri-

99 527 182 588 cidio
205 546 285 602 meo,
311 530 341 586 et
363 530 432 602 post
454 530 581 586 mortem
603 526 684 585 unici
707 525 807 584 omnia
832 525 939 601 quibus
962 527 1119 600 laceratae,

101 616 217 677 occisus
246 619 305 690 est,
336 619 369 674 in
398 617 533 675 animum
561 635 660 674 meum
690 617 841 673 tormenta
870 615 1029 673 redierunt.
1075 618 1120 673 est

72 705 224 782 squidem
255 705 388 780 difficile,
417 708 453 764 ut
482 705 612 780 aliquem
641 704 707 780 pati
731 703 875 778 pudorem
904 703 1053 779 parricida
1075 705 1119 762 vi-

101 795 223 868 deatur,
245 798 450 854 verumtamen
474 798 607 870 stupore,
631 793 761 852 amentia
786 795 816 851 et
842 793 875 850 in
898 792 1016 851 silentio
1041 792 1118 850 orbi·

99 886 167 943 tate
182 883 283 942 defeci.
321 884 423 942 ablata
442 885 486 943 est
504 883 579 942 mihi
598 882 731 940 omnium
749 882 909 940 verborum
922 881 1003 954 fides,
1023 881 1118 941 omnia

100 974 246 1033 sermonis
270 973 446 1046 auctoritas,
473 992 527 1031 nec
554 971 645 1031 habet
675 989 794 1029 causam
821 971 964 1046 loquendi
987 970 1035 1029 cui
1058 989 1118 1028 non

99 1064 203 1139 potest
220 1062 319 1120 credi.
371 1061 484 1136 desine,
514 1060 633 1134 mulier,
662 1060 855 1137 interrogare.
906 1060 1001 1117 filium
1031 1078 1119 1134 quem
1133 1056 1170 1111 12

59 1173 87 1214 ιο
102 1151 213 1211 occidit
248 1153 347 1226 pater,
383 1170 437 1209 nec
475 1150 627 1209 absolvere
663 1168 716 1208 nec
754 1167 892 1208 accusare
928 1148 989 1206 iam
1022 1148 1117 1206 debet.

102 1234 209 1316 ‘quid',
232 1239 343 1315 inquit,
367 1234 463 1313 ‘dixit
487 1258 554 1299 cum
577 1234 755 1297 occideres?
802 1239 942 1296 miseram
964 1237 1119 1312 parricidii

100 1331 303 1388 innocentiam
327 1329 406 1405 quod
429 1330 485 1387 hoc
506 1348 553 1385 me
576 1347 636 1386 non
658 1330 804 1403 potestas,
833 1345 892 1385 non
914 1328 1117 1403 magistratus

100 1436 162 1477 non
184 1418 368 1494 propinquus
393 1417 515 1493 aliquis,
538 1436 597 1475 non
621 1417 747 1491 amicire,
773 1435 833 1475 non
855 1416 907 1473 ille
936 1434 1052 1490 semper
1074 1415 1117 1474 lo-

101 1525 182 1583 quax
203 1506 332 1583 populus
357 1525 391 1565 ac
414 1507 563 1583 malignus
590 1506 765 1582 interrogat.
808 1505 972 1581 quiescitis,
1001 1505 1117 1564 tacetis,

60 1617 87 1659 15
101 1615 148 1654 me
178 1597 339 1654 infelicem!
370 1595 514 1671 numquid
541 1595 623 1654 scitis
650 1592 773 1653 omnes?
812 1596 887 1670 puta
909 1614 970 1668 me,
1000 1594 1116 1662 mulier,

100 1685 157 1744 hoc
179 1685 236 1744 tibi
253 1685 439 1761 respondere,
462 1703 523 1742 non
540 1683 652 1741 habent
669 1682 856 1742 incredibilia
874 1701 985 1741 vocem.
1028 1701 1116 1758 quae·

100 1774 170 1834 dam
199 1775 314 1833 maiora
343 1775 413 1832 sunt
442 1793 529 1848 quem
561 1775 596 1831 ut
624 1772 679 1830 illa
709 1773 809 1848 capiat
838 1772 942 1831 modus
973 1773 1116 1831 sermonis

99 1863 232 1921 humani.
278 1866 314 1921 tu
335 1882 406 1922 vero
430 1862 513 1921 crede
541 1861 617 1920 nihil
644 1862 726 1920 aliud
748 1862 839 1921 fuisse
863 1880 955 1936 quam
977 1862 1116 1919 furorem.

98 1953 245 2012 insanisse
268 1972 315 2010 me
338 1954 420 2027 puta.
462 1951 600 2009 videbam
623 1969 699 2026 quae
722 1969 782 2009 non
804 1949 930 2024 fiebant;
958 1949 1116 2008 audiebam

56 2064 86 2104 ao
101 2060 178 2116 quae
197 2060 282 2100 nemo
302 2040 427 2099 dicebat.
463 2041 519 2098 hoc
540 2040 636 2099 solum
654 2057 712 2097 non
731 2038 907 2097 insanientis
926 2038 1017 2096 habui
1037 2038 1117 2113 quod

99 2130 245 2189 tacebam.

167 2218 260 2296 Finge
283 2239 330 2276 me
353 2217 543 2294 respondere:
573 2212 660 2275 ‘nihil
688 2216 776 2290 dixit,
805 2216 881 2273 nihil
904 2216 1021 2275 locutus
1047 2211 1112 2275 est’

99 2327 161 2367 non
188 2305 302 2367 credis?
344 2308 449 2383 atquin
477 2308 571 2365 multo
601 2309 699 2365 minus
727 2305 876 2364 creditura
903 2305 976 2380 quid
998 2304 1115 2363 dixerit.

100 2399 215 2473 accipe,
237 2396 357 2471 mulier,
379 2397 499 2455 brevem
521 2414 682 2471 veramque
705 2395 865 2468 rationem,
895 2412 947 2452 cur
969 2395 1002 2451 in
1025 2413 1115 2469 quae-

56 2509 86 2548 se
100 2486 197 2546 stione
224 2485 340 2544 iuvenis
368 2485 480 2544 occisus
508 2487 561 2544 est.
602 2484 777 2560 torquebam
804 2501 857 2541 nec
884 2483 1115 2560 interrogabam.

100 2578 126 2634 si
150 2594 209 2650 qua
228 2575 265 2632 ad
289 2593 374 2634 aures
392 2577 460 2635 tuas
484 2573 521 2633 ab
540 2574 595 2632 illa
614 2575 750 2648 quamvis
768 2574 883 2631 remota
902 2572 1005 2631 domus
1029 2573 1115 2648 parte

99 2665 217 2740 perlata
235 2683 293 2722 vox
312 2666 364 2739 est,
378 2681 462 2722 meus
481 2664 610 2741 gemitus
623 2663 690 2736 fuit,
708 2681 842 2720 meorum
860 2664 1005 2719 viscerum
1022 2661 1115 2720 dolor.

101 2755 233 2829 quaeriS,
263 2771 315 2811 cur
337 2752 412 2810 nihil
440 2749 567 2811 dixerit?
609 2751 680 2827 quia
709 2770 769 2809 non
799 2750 906 2808 habuit
936 2751 1016 2826 quod
1039 2751 1113 2808 scire

98 2842 221 2916 vellem,
244 2840 323 2918 quod
356 2841 459 2900 audire
489 2840 633 2900 deberem.
679 2839 754 2898 nihil
785 2839 868 2898 aliud
899 2841 1033 2914 quaestio
1061 2839 1115 2897 illa

172 3037 186 3084 1
207 3046 252 3084 ex:
272 3032 334 3093 ete
412 3027 608 3082 coniunctione
626 3037 695 3094 Bul,
715 3026 942 3081 coniunctatione
964 3036 1019 3091 VP3
1040 3043 1115 3080 oom-

97 3100 256 3157 mutatione
279 3109 311 3167 83
340 3100 519 3154 cunctatione
543 3111 570 3165 53
599 3116 666 3154 corr.
695 3120 740 3165 m;
772 3097 972 3152 colluctatione
999 3098 1113 3152 veniens

96 3190 149 3228 om.
169 3185 190 3226 o·
267 3171 362 3226 venies
380 3181 432 3224 BV
513 3169 712 3240 aparricidio:
731 3170 797 3236 finis
815 3170 916 3224 codicis
938 3178 960 3221 V
1036 3175 1114 3222 tre-

98 3246 213 3335 diernnl
230 3289 259 3332 Β
361 3284 376 3332 6
399 3280 570 3341 verumtffie
664 3277 794 3331 orbitatis
814 3286 851 3342 Β,
870 3292 939 3331 corr.
957 3298 1001 3343 ηις
1023 3293 1073 3331 om.
1093 3287 1114 3328 o

100 3358 134 3406 13
152 3352 257 3418 loquax
275 3367 309 3404 ex
326 3350 478 3418 loquas113
497 3349 578 3403 locax
594 3359 631 3416 M,
651 3366 718 3404 corr.
733 3370 765 3400 m
838 3352 870 3401 18
888 3347 986 3401 umani
1004 3357 1042 3414 Βς
1061 3364 1113 3402 one.

99 3433 131 3477 Μ
212 3429 243 3476 19
263 3421 441 3475 insanissime
459 3431 487 3474 Β
565 3423 634 3490 puto
653 3443 688 3487 ω;
708 3431 813 3475 corae
899 3418 1114 3474 fiebant—non

99 3495 176 3549 l.20.
192 3494 369 3560 om.11,odd.
385 3494 417 3546 iu
430 3510 516 3564 marp.
530 3494 701 3560 superiorco
755 3497 789 3544 22
807 3507 853 3560 pie
866 3507 910 3544 me
923 3500 950 3544 Β
1003 3491 1114 3546 24112-

97 3582 161 3620 vem
182 3580 255 3634 quae
273 3579 412 3632 veraquae
429 3572 489 3616 lm
558 3568 591 3618 27
610 3580 705 3620 mensi
723 3562 817 3619 omnis
837 3572 867 3618 u
