2408 3840
145 148 188 213 50
494 147 602 200 mnas
620 145 811 201 1111111111

145 317 201 376 hoo
224 318 391 393 exemplum
412 317 444 373 in
467 319 604 375 neutram
627 317 742 392 partem
764 318 863 392 potest
885 317 987 375 taceri.
1024 317 1151 393 cogitare

147 409 260 465 certum
284 406 381 465 estid
405 425 559 482 quemque,
586 423 653 463 cum
675 404 802 480 indicat,
826 404 953 480 probare
976 404 1050 481 quid
1072 405 1105 463 in
1124 424 1151 464 re

147 496 237 554 simili
263 497 327 571 ipse
354 495 479 554 fecisset.
526 494 661 553 omnibus
691 496 770 553 enim
799 495 837 553 ad
866 495 952 553 virile
984 493 1077 554 robur
1105 513 1152 570 per

146 585 307 658 pueritiam
333 586 392 643 iter
419 586 477 659 est,
509 585 539 642 et
566 585 627 641 iam
655 585 758 642 contra
789 583 944 642 libidinem
975 583 1152 643 maturuisse

146 693 205 732 non
218 674 347 750 prodest.
383 691 559 749 recognosce
572 673 754 731 incrementa
766 675 820 730 tua
839 675 869 731 et
883 673 1042 731 honestam
1055 674 1152 732 tantae
1172 687 1181 729 1

146 763 347 841 magnitudini
368 760 543 821 memoriam
564 764 707 837 pristinae
729 763 892 820 tenuitatis.
930 762 993 820 sine
1014 760 1106 821 dubio
1126 765 1153 823 te

147 852 185 910 ad
207 853 254 910 tot
278 852 449 910 consulatus
468 853 498 909 et
516 852 598 909 actos
618 852 670 909 aut
688 851 851 910 destinatos
870 849 1037 926 triumphos
1057 851 1154 910 divina

146 942 241 1000 virtus
269 942 323 999 tua
351 940 481 999 sustulit.
526 941 674 998 memento
701 941 815 1016 tamen,
840 942 873 998 et
894 942 929 998 tu
953 939 1009 998 sub
1037 940 1153 999 tribuno

146 1030 298 1104 militasti,
325 1047 379 1115 nec
403 1029 519 1087 adhoc
545 1028 699 1106 fastigium
722 1028 878 1106 dignitatis
905 1030 969 1087 tam
991 1027 1078 1089 brevi
1102 1028 1155 1088 tibi

147 1122 247 1177 venire
271 1119 452 1195 contigisset,
475 1117 501 1176 si
524 1135 588 1176 sero
612 1117 764 1194 coepisses.
1165 1133 1186 1175 11

95 1207 130 1263 11
214 1207 319 1266 Dicam
346 1224 424 1264 nunc
450 1225 504 1284 ego
531 1207 723 1282 praecipuam
750 1225 864 1282 semper
891 1225 993 1265 curam
1014 1206 1155 1268 Romanis

146 1296 278 1355 moribus
306 1296 467 1371 pudicitiae
494 1293 605 1353 fuisse?
649 1295 775 1355 referam
796 1294 966 1353 Lucretiam
990 1315 1068 1372 quae
1091 1316 1156 1356 con·

147 1386 210 1443 dito
232 1388 264 1442 in
287 1385 400 1443 viscera
423 1402 476 1442 sna
498 1385 576 1442 ferro
599 1403 725 1459 poenam
748 1403 766 1442 a
790 1403 820 1443 se
847 1386 1033 1445 necessitatis
1061 1387 1158 1464 exegit

148 1477 187 1548 et,
212 1476 247 1532 ut
266 1493 355 1550 quam
373 1473 505 1549 primum
522 1473 646 1548 pudicus
665 1475 781 1532 animus
799 1491 819 1530 a
836 1473 953 1548 polluto
972 1491 1096 1550 corpore
1115 1494 1157 1535 se·

147 1565 313 1640 pararetur,
336 1581 367 1621 se
389 1564 456 1637 ipsa
479 1563 632 1637 percussit,
656 1563 727 1637 quia
750 1564 951 1638 corruptorem
973 1581 1035 1621 non
1057 1565 1191 1639 potuita

147 1650 299 1711 occidere?
344 1652 370 1710 si
392 1670 470 1710 nunc
492 1652 591 1726 placet
612 1651 670 1709 tibi
692 1651 790 1725 miles,
813 1651 886 1727 quid
909 1670 963 1730 ego
986 1651 1160 1730 Virginium

147 1760 264 1800 narrem
291 1742 343 1817 qui
369 1739 449 1798 ffliae
476 1741 694 1817 virginitatem,
727 1759 786 1816 qua
812 1740 877 1798 sola
903 1742 1035 1816 poterat,
1063 1745 1159 1802 morte

148 1829 280 1889 defendit
313 1831 492 1905 raptumque
524 1829 559 1886 de
595 1830 729 1904 proximo
765 1828 877 1887 fenum
913 1847 972 1888 non
1007 1833 1161 1890 recusanti

146 1920 263 1995 puellae
286 1916 451 1977 immersit?
488 1917 590 1976 divisit
612 1918 659 1975 illi
681 1919 777 1977 solum
795 1917 927 1993 Appium
950 1938 1039 1994 quem
1057 1922 1160 1980 tamen

136 2009 276 2083 ‚populus
306 2008 456 2066 Romanus
488 2009 648 2066 secessione
679 2025 697 2064 a
726 2007 861 2083 patribus
894 2009 924 2065 et
954 2025 1049 2083 prope
1077 2011 1196 2069 civilis·

147 2097 225 2156 bello
252 2099 421 2172 persecutus
449 2096 481 2153 in
508 2097 628 2154 vincula
656 2096 723 2153 duci
754 2098 863 2174 coe'git3
893 2116 988 2172 neque
1017 2098 1084 2157 ulla
1113 2117 1161 2158 ros

146 2189 212 2246 tum
243 2187 337 2263 magis
369 2185 604 2262 indignationem
636 2184 731 2259 plebis
763 2186 923 2243 commovit
955 2205 1045 2262 quum
1080 2188 1162 2263 quod

147 2277 323 2352 pudicitiam
352 2275 466 2333 auferre
492 2275 693 2349 temptaverat
720 2273 799 2332 filiae
826 2273 940 2333 militis.
985 2274 1060 2334 haec
1090 2280 1163 2336 sunt

146 2366 279 2438 honesta,
301 2365 374 2422 haec
397 2363 546 2422 narranda
564 2364 741 2421 feminarum
759 2364 900 2438 exempla.
937 2383 1007 2422 nam
1024 2366 1163 2424 virorum

148 2474 222 2530 quae
250 2453 395 2530 pudicitia
422 2455 479 2526 est,
506 2453 564 2510 nisi
592 2470 649 2510 non
679 2450 885 2527 corrumpere?
929 2472 989 2512 non
1016 2453 1058 2510 sit
1085 2456 1162 2513 mihi
1175 2469 1198 2511 ss

147 2543 273 2602 forsitan
305 2541 487 2617 querendum
519 2540 649 2599 adversis
682 2541 801 2599 auribus
834 2541 944 2600 saeculi
975 2543 1007 2599 in
1038 2543 1163 2602 tantum

147 2633 222 2690 vitia
244 2651 376 2708 regnare,
400 2633 434 2689 ut
457 2630 589 2689 obscenis
609 2629 821 2704 cupiditatibus
844 2633 953 2688 natum
971 2634 1103 2706 cesserit,
1128 2635 1163 2692 ut

146 2721 270 2796 pollutis
292 2721 324 2777 in
347 2720 504 2778 femineam
533 2737 625 2794 usque
648 2718 825 2794 patientiam
851 2718 996 2794 maribus,
1023 2721 1163 2781 incurrat

220 2856 384 2908 lncutrum
404 2862 431 2906 ι’
525 2859 623 2906 icum
641 2854 673 2906 ta
690 2870 744 2907 ras.
759 2861 787 2906 Β
875 2851 955 2921 quid:
975 2854 1052 2921 quod
1071 2865 1094 2907 r

148 2924 269 2978 3simili
288 2943 321 2979 ec
338 2925 378 2978 ·le
392 2934 419 2977 Β
471 2924 564 2978 tiam
583 2940 625 2978 om
648 2934 672 2978 ,1
724 2925 855 2977 71111101
878 2934 917 2976 Vc
967 2941 1004 2978 au
1017 2934 1053 2993 Β,
1074 2930 1163 2982 aute

149 3001 182 3049 10
202 2997 322 3065 cepisset
340 3006 367 3049 P
428 2996 675 3065 11preoipu1oiam
692 3004 720 3049 Β
780 3010 875 3048 curam
893 3012 942 3050 em.
958 3005 991 3049 M
1052 3003 1086 3050 12
1105 2999 1162 3052 Lu·

148 3067 308 3121 cretIamB
378 3085 432 3135 quo
452 3079 475 3120 1
546 3072 578 3120 13
599 3084 615 3120 a
634 3084 683 3121 om.
703 3076 725 3118 V
793 3070 826 3119 14
840 3072 905 3135 post
922 3069 951 3120 et
968 3085 1004 3122 er.
1024 3082 1041 3120 a
1061 3078 1090 3122 Β

150 3145 182 3192 16
201 3139 347 3210 bocoidere
365 3148 394 3193 Β
454 3156 527 3192 nunc
546 3156 580 3192 ecc
597 3155 653 3192 non
666 3147 707 3204 Β;
726 3137 770 3190 vel
787 3154 843 3190 non
861 3155 934 3206 supr.
949 3159 981 3191 m
1042 3139 1164 3212 plasscet

147 3220 175 3263 Β
230 3210 285 3264 tibi
302 3210 397 3279 placet
414 3220 435 3262 1·
507 3209 666 3279 Virginium
684 3218 705 3261 V
778 3214 810 3262 17
828 3212 946 3263 mortem
964 3219 992 3264 Β
1065 3217 1098 3266 18
1117 3228 1163 3265 re-

149 3281 272 3348 cubanti
291 3291 318 3334 n
376 3286 409 3334 19
428 3282 532 3351 Apium
550 3290 602 3333 ur
659 3287 692 3334 ae
713 3296 741 3334 a:
761 3283 778 3333 a
796 3289 835 3344 ις
855 3298 917 3334 eum
939 3290 961 3333 1·
1010 3280 1166 3337 civilem·

149 3356 226 3422 (corr.
242 3354 269 3422 a)
333 3358 365 3407 22
386 3356 478 3417 tame
541 3351 683 3426 ccmopuit
701 3360 729 3403 Β
789 3353 980 3420 quamquod:
1000 3354 1107 3420 quaid
1126 3365 1162 3421 Β,

148 3435 248 3478 corae
321 3431 353 3477 23
372 3423 586 3494 temptaverite
657 3428 691 3476 26
709 3417 842 3498 forsitant
859 3432 887 3477 Β
949 3424 1090 3479 aversiss

145 3535 182 3581 27
197 3499 268 3584 sill
284 3540 326 3599 Β,·
342 3534 463 3586 naturae
482 3541 509 3585 P
