2408 3840
133 160 198 223 332
402 155 815 212 ΔιΝΜαΙεΙΝΜΑΤΒΕΜ
827 157 847 211 '1

131 330 287 388 incertum.
329 345 430 386 coram
453 326 588 387 omnibus
611 329 749 402 torquere
772 324 1095 403 debet-fillumpater,
1115 329 1142 387 ot

134 420 186 493 qui
209 416 277 475 vult
300 415 451 475 absolvere
474 419 505 475 et
528 419 583 491 qui*
602 417 648 474 est
669 417 794 491 paratus
816 415 957 475 occidere.
1071 466 1074 471 ,

200 505 269 564 Non
282 504 384 579 vultis,
402 505 522 578 iudices,
536 504 575 564 ad
593 504 708 563 facinus
726 503 952 581 indignissimae
966 497 1143 580 quaestionis

134 594 269 668 accedat,
302 596 332 653 et
359 593 440 669 quod
468 596 533 669 ipso
565 594 654 652 torsit
682 592 778 650 filium
807 596 901 668 pater.
929 593 1062 654 -adeone
1089 613 1144 653 non

133 686 234 759 potuit
260 682 376 742 libertis
404 685 457 742 aut
483 681 608 741 servulis
636 683 796 740 necessitas
817 683 879 740 ista
899 681 1060 742 mandari?
1090 701 1176 742 nona

135 773 266 831 carnifex
297 773 397 847 potius
430 768 587 830 adhiberi?
632 777 719 845 pater
749 772 782 829 in
813 773 970 830 tormentis
1003 771 1061 830 filii
1089 791 1145 831 non

135 879 254 921 aversos
278 861 375 919 tenuit
398 859 507 934 oculos,
530 861 594 935 ipse
613 863 710 919 vestes
729 860 825 935 scidit,
849 861 1021 920 velamenta
1039 862 1144 921 lacera·

134 953 192 1024 xit,
219 949 358 1007 manibus
385 948 506 1025 flagella
534 948 694 1024 concussit,
720 950 879 1010 renovavit
901 950 987 1028 ignes
1017 954 1048 1009 et
1073 952 1146 1010 mori

133 1040 229 1098 filium
253 1039 440 1097 contentione
463 1056 523 1096 non
542 1039 624 1112 sivit,
646 1038 762 1096 diduxit
780 1057 812 1097 os
831 1037 994 1114 quodiam
1012 1059 1146 1115 suprema

134 1127 325 1201 claudebant,
348 1127 425 1186 fovit
447 1129 593 1202 animum,
621 1129 656 1186 ut
677 1127 775 1204 longis
799 1127 978 1187 cruciatibus
1002 1129 1179 1204 patientior·

133 1217 288 1277 sufficeret.
335 1234 353 1274 o
385 1216 508 1293 dignum
539 1219 657 1291 patrem
688 1218 736 1275 cui
768 1217 849 1275 dicad
883 1216 1027 1277 innocens
1058 1217 1146 1277 filius:

134 1301 222 1364 ‘feci’

200 1395 269 1451 Non
291 1393 472 1452 mehercules
499 1394 622 1470 inprobe
645 1393 720 1452 mihi
745 1395 983 1470 proclamaturos
1006 1396 1146 1457 hocloco

134 1482 236 1540 videor
263 1483 414 1541 hominem
438 1483 489 1558 qui
516 1485 673 1557 torquetur
699 1485 731 1541 in
754 1486 892 1558 matrem,
921 1484 1029 1543 debere
1052 1503 1146 1544 coram

133 1573 228 1629 matre
251 1572 392 1646 torqueri.
430 1590 482 1630 cur
501 1573 668 1630 excluditur
689 1572 794 1630 infelix
816 1591 834 1630 a
857 1592 912 1632 sua
936 1591 1038 1649 causa,
1061 1588 1179 1634 asuau

135 1657 329 1734 quaestione?
367 1660 474 1719 adhibe
493 1661 619 1737 speciosi
637 1661 817 1720 cruciatibus
838 1661 915 1721 hanc
933 1663 1026 1721 nimis
1050 1682 1146 1722 aman·

133 1752 204 1822 tem,
218 1749 305 1808 huius
320 1751 448 1826 gemitus
468 1751 576 1824 excipe,
592 1750 681 1809 huius
699 1750 827 1826 suspiria
845 1752 1007 1826 oculosque
1022 1752 1147 1813 custodi:

134 1839 160 1896 si
189 1838 267 1912 quod
295 1838 410 1897 facinus
440 1838 601 1897 admissum
629 1839 687 1913 est,
716 1839 868 1914 torquebis
895 1840 1019 1914 quidem
1048 1841 1146 1916 filium,

81 1922 119 1979 14
134 1928 185 1985 sed
207 1927 351 1986 fatebitur
372 1929 477 1986 mater.
522 1929 691 2002 inrumpere
713 1946 761 1986 me
783 1930 848 1986 tum
870 1931 999 1987 maxime
1023 1934 1097 2005 puta
1116 1931 1146 1988 in

133 2016 210 2074 illud
236 2020 334 2090 tuum,
362 2016 524 2091 parricida,
552 2019 711 2090 secretum:
740 2017 830 2076 inicio
858 2019 1037 2093 properanti
1062 2035 1181 2096 quac-ao

134 2107 225 2164 stioni
243 2124 374 2179 manum,
392 2104 493 2164 inhibe
512 2107 597 2179 ictus,
617 2106 758 2164 subtrahe
777 2106 928 2183 paulisper
946 2107 1041 2185 ignes.
1071 2109 1146 2184 quic-

135 2195 206 2268 quid
230 2197 274 2253 est
298 2195 377 2269 quod
401 2194 516 2268 eruisti,
539 2195 640 2269 profer
662 2195 695 2252 in
717 2195 855 2269 medium,
880 2199 1032 2256 memento
1056 2201 1087 2256 ts
1108 2197 1146 2255 fe-

134 2283 207 2343 cisse
236 2284 271 2341 de
294 2283 369 2358 filio,
396 2283 620 2359 propterquod
648 2283 705 2342 tibi
727 2302 787 2342 non
810 2284 916 2343 debeat
941 2285 1032 2343 credi
1080 2286 1146 2362 quid

134 2374 273 2446 spiritum
296 2373 396 2431 dolore
424 2370 624 2448 praecipitas?
670 2372 742 2448 quid
764 2373 889 2432 miserae
911 2373 1077 2434 intervalla
1098 2393 1146 2451 pa·

133 2460 257 2520 tientiae
281 2461 427 2538 pertinaci
446 2461 622 2520 crudelitate
641 2463 806 2535 continuas,
829 2464 855 2520 si
877 2462 990 2521 frustra
1013 2463 1177 2523 tibiacis

133 2550 218 2608 ficere
242 2551 336 2608 credis
361 2550 439 2624 quod
463 2550 604 2623 audieris,
627 2553 778 2624 nuntiare,
801 2549 956 2626 proferre?
1001 2554 1147 2613 incestum

132 2642 167 2697 ut
191 2639 335 2712 credatur,
358 2641 422 2713 ipse
446 2638 533 2697 debet
557 2638 661 2696 audiri.

206 2861 378 2915 linccstum
396 2871 417 2913 V
486 2867 617 2915 3nonne
635 2861 770 2916 videtis?
842 2862 975 2916 thibaris
994 2873 1024 2917 Ρ
1096 2882 1148 2919 ser·

132 2932 201 2986 volis
221 2942 249 2984 B
322 2932 378 2985 ista
397 2949 447 2986 ora.
463 2942 526 2999 ΒΜ,
545 2951 620 3001 supr.
635 2953 667 2986 m
739 2932 904 2986 ladversos
923 2943 956 2987 Μ
1027 2936 1111 2991 scivit
1128 2959 1149 2988 ω

133 3003 226 3070 (odel.
268 3004 290 3071 );
314 3015 414 3057 corus
504 3002 848 3073 9dixitos1m(velu
866 3009 920 3073 m);
944 3004 1099 3073 deduxitc

134 3079 166 3127 10
190 3074 341 3127 oladcbant
359 3084 387 3126 P
473 3075 649 3143 patientibus
667 3085 688 3127 V
774 3081 806 3128 11
831 3075 984 3133 sufficeret:
1007 3077 1018 3130 i
1038 3097 1073 3133 erc
1091 3095 1106 3133 e
1124 3088 1152 3132 Β

134 3187 165 3234 13
184 3145 336 3234 medrcules
354 3190 393 3248 Β;
412 3180 589 3252 mehercule}
607 3190 639 3234 Β
707 3179 883 3251 praelaturus
902 3191 939 3250 Β,
961 3200 1009 3237 ma
1026 3203 1104 3256 supr.
1118 3207 1148 3239 ιι

133 3259 166 3305 14
185 3255 298 3334 torquet
316 3263 344 3305 Β
397 3259 429 3306 16
449 3253 623 3323 quaestionis
641 3262 675 3319 Β,
695 3264 796 3308 curuo
850 3253 934 3308 adibe
948 3264 983 3322 Β,
1002 3256 1022 3308 h
1040 3268 1148 3327 sapae

133 3364 165 3411 17
185 3341 281 3426 supirh
298 3368 327 3411 Β
412 3364 445 3412 18
463 3359 608 3427 torquebis
627 3377 661 3414 ec
679 3359 715 3412 ·it
734 3369 766 3413 Μ
844 3365 877 3413 19
897 3378 961 3443 cnm
980 3375 1012 3432 ἅς
1030 3380 1102 3419 corr.
1116 3376 1149 3428 as

132 3435 487 3533 21manus133manp⁹sm
537 3447 663 3535 piilisper
680 3475 709 3518 Β
757 3472 791 3520 25
806 3467 978 3523 continueris
992 3491 1029 3537 ω;
1048 3481 1148 3525 coras

131 3541 165 3589 27
185 3535 270 3589 debet
286 3535 348 3608 ipse
366 3546 387 3590 V
