2408 3840
147 167 213 230 210
363 165 470 220 DIVES
488 164 696 220 Accvsrrvs
714 163 948 220 PRODITIONIS

147 335 342 410 quisquamne
373 334 545 393 mortalium
576 333 656 392 idem
684 337 773 393 vocat
803 333 920 394 facinus
953 337 984 393 et
1013 332 1155 409 poenam?

146 426 302 483 tantumne
326 424 435 482 doloris
458 425 558 482 venire
581 423 618 482 de
641 423 794 499 suppliciis
813 425 960 498 quantum
980 422 1019 482 de
1042 423 1156 482 calami·

146 513 260 571 tatibus
278 511 389 588 putat?
424 512 519 571 nescit
535 512 679 588 profecto,
694 513 798 586 nescit,
820 515 965 588 quantam
981 513 1157 589 patientiam

146 606 234 678 paret
259 603 380 676 mereri,
403 604 552 676 quantum
575 603 674 660 animo
702 600 900 676 membrisque
922 601 1032 678 rigoris
1054 600 1157 659 induat

147 692 227 766 quod
250 692 385 766 patiaris,
407 686 572 768 agnoscere.
610 691 779 749 innocentia
798 708 871 765 opus
890 692 945 764 est,
966 692 1003 748 ut
1020 690 1185 749 miserrimo

147 781 239 839 faciat
271 780 363 839 dolor.
409 781 524 838 constet
554 779 625 837 licet
653 779 804 854 utrimque
836 779 979 838 mortium
1010 796 1157 853 numerus,

146 869 271 927 totidem
293 868 378 927 nobis
402 869 476 927 ultio
500 867 645 926 cadavera
668 869 819 945 adsignet,
840 867 1034 944 plus‘tamcn
1056 871 1103 927 est
1123 867 1156 925 de

146 958 361 1016 innocentibus.
408 961 437 1015 et
461 956 602 1032 quicquid
624 958 784 1032 patiuntur
806 957 994 1033 deprehensi,
1021 957 1093 1016 licet
1114 974 1156 1015 so-

145 1049 223 1106 lacio
246 1047 325 1104 idem
349 1046 401 1120 sit,
430 1047 580 1119 aequitate
603 1047 701 1105 minus
725 1046 777 1104 est.
823 1047 858 1103 ut
879 1046 959 1104 idem
984 1047 1026 1105 sit
1047 1045 1155 1122 suppli·

146 1137 224 1195 cium
252 1137 384 1195 nocentis
413 1138 443 1193 et
469 1135 598 1210 facinus,
626 1154 686 1193 una
713 1135 828 1193 ratione
860 1134 985 1209 efficias,
1018 1136 1055 1193 ut
1082 1134 1155 1192 illud
1166 1153 1186 1193 rc

146 1226 221 1283 ferre
245 1244 304 1283 nou
327 1225 429 1299 possit.
474 1224 586 1282 frustra
609 1224 774 1282 aestimatis
797 1242 887 1299 quum
909 1222 1041 1299 crudele,
1069 1242 1155 1300 quam

146 1333 267 1372 saevum
295 1313 334 1371 sit
357 1312 436 1388 quod
462 1314 605 1388 petimus,
632 1313 664 1370 in
690 1314 833 1388 quantum
862 1313 1021 1372 excesserit
1046 1314 1156 1372 usitata

147 1421 254 1480 genera
277 1420 447 1477 poenarum.

110 1494 129 1549 t
215 1491 372 1565 Explicata
391 1493 444 1565 est,
462 1490 582 1565 iudices,
606 1490 754 1566 explicata
771 1491 846 1567 legis
864 1490 989 1564 invidia,
1008 1508 1075 1548 cum
1093 1491 1155 1566 quis

147 1580 226 1654 quod
248 1581 373 1655 patitur,
397 1582 427 1638 et
449 1580 529 1638 fecit.
565 1578 659 1654 quid?
683 1579 763 1654 quod
784 1579 839 1638 hoc
863 1579 960 1661 solum
982 1581 1028 1639 cst
1045 1597 1153 1655 poenae
1166 1595 1185 1636 rs

146 1687 247 1746 genus,
269 1669 301 1726 in
321 1687 378 1743 qno
397 1688 457 1729 non
476 1668 582 1727 debeat
599 1687 707 1729 nocens
725 1669 784 1727 nisi
802 1668 838 1725 de
858 1686 888 1727 se
907 1669 1000 1744 queri,
1024 1669 1053 1726 et
1074 1670 1154 1726 tanto

145 1757 244 1816 minus
269 1757 375 1816 debeat
398 1776 460 1816 esse
482 1758 672 1832 miserabilis,
698 1759 730 1815 in
754 1760 867 1832 quanto
890 1759 987 1816 maior
1010 1755 1153 1832 estquod

145 1846 261 1922 patitur
291 1845 428 1905 invidia?
474 1847 544 1921 quid
581 1849 704 1922 aequius
741 1847 915 1924 excogitari,
947 1845 1022 1922 quid
1052 1846 1153 1905 iustius

144 1933 263 2011 potest?
309 1939 460 2013 grassatus
484 1937 579 2010 aliqui
602 1936 760 2010 estimo,
788 1934 930 2010 praebeat
953 1937 983 1992 et
1010 1936 1075 2010 ipse
1097 1952 1153 1993 ccr-

145 2028 232 2084 vices
277 2025 396 2084 miscuit
417 2025 539 2083 noxium
560 2025 655 2098 virus,
677 2024 854 2082 refundatur
876 2024 907 2081 in
931 2041 1020 2083 suum
1042 2023 1182 2083 {acinon

145 2117 303 2173 auctorem.
350 2113 449 2174 oculos
472 2115 586 2188 rapuit,
612 2113 725 2188 effodit,
749 2113 855 2171 reddat
877 2112 914 2171 de
937 2131 992 2172 sua
1015 2113 1152 2172 coecitate

145 2204 295 2263 solacium.
332 2205 364 2260 in
386 2202 469 2260 nullo
487 2203 660 2260 mortalium
682 2201 812 2277 perferre
834 2220 955 2277 possum
973 2202 1092 2261 sceleris
1109 2201 1152 2259 sni

144 2292 362 2368 inpatientiam.
399 2291 573 2350 breuissima
588 2293 633 2350 est
649 2291 766 2349 iustitia
780 2291 939 2364 vindictae,
957 2308 1026 2349 cum
1043 2291 1152 2350 facinus

143 2399 282 2440 mensura
318 2399 431 2456 poenae
463 2384 515 2438 est.
569 2382 599 2438 et
630 2381 656 2438 si
691 2382 830 2439 natrrram
866 2379 989 2438 ultionis
1022 2379 1151 2455 aspicias,

145 2471 257 2545 optime
288 2469 458 2528 vindicatur
489 2469 613 2544 quisque
645 2488 702 2544 quo
734 2469 822 2528 modo
854 2469 944 2527 miser
971 2471 1024 2528 est
1069 2467 1180 2526 fidenis

144 2562 288 2633 vestram,
319 2559 445 2632 iudices,
477 2577 513 2616 ne
540 2557 607 2616 ideo
634 2561 754 2616 tantum
781 2559 894 2633 putetis
923 2558 1050 2631 iustum,
1079 2554 1152 2633 quod

145 2650 238 2725 exigit
263 2667 344 2721 reus,
372 2647 444 2722 quia
472 2666 526 2723 ego
553 2665 664 2706 recuso.
709 2665 769 2704 non
796 2647 913 2704 ferretis
940 2665 988 2705 me
1017 2646 1152 2723 pauperis

143 2739 270 2796 mortem
291 2738 456 2812 petentem,
480 2733 506 2794 si
529 2736 636 2795 liberos
660 2753 728 2794 suos
750 2735 916 2810 optulisset.
962 2754 999 2795 ex
1021 2735 1153 2794 omnibus

143 2829 244 2885 tamen
273 2825 439 2901 quicunque
471 2826 636 2902 incognita,
668 2824 804 2883 inaudita
834 2825 917 2900 passi
943 2825 1027 2898 sunt,
1058 2824 1153 2883 nullos

142 2916 199 2975 hac
227 2915 291 2991 lege
319 2916 415 2991 magis
443 2914 637 2973 vindicandos
668 2915 743 2989 puto
772 2931 861 2988 quam
890 2931 1017 2988 quorum
1048 2913 1185 2972 liberoso·

216 3067 417 3121 itantmdem
438 3066 485 3121 Gr.
578 3066 716 3134 3putas
805 3064 960 3119 4macrori
979 3073 1048 3129 Ιβο·
1114 3064 1155 3119 in-

143 3193 230 3245 ducat
248 3201 314 3256 nco
375 3197 407 3244 11
428 3208 524 3261 quam:
545 3190 620 3259 quod
639 3200 667 3243 Ρ
683 3191 724 3246 tis
785 3196 817 3244 12
837 3153 988 3245 exacuerit
1005 3198 1046 3256 83
1064 3205 1155 3244 exces-

143 3300 231 3353 serint
252 3308 337 3362 Vmc
407 3304 439 3352 15
458 3298 585 3367 patiatur
601 3308 630 3350 Β
700 3297 780 3366 quid:
800 3297 901 3366 quiec
973 3302 1008 3350 19
1027 3279 1155 3368 gbsatm

142 3416 170 3460 Β
241 3406 343 3475 aliquis
363 3414 394 3457 Μ
464 3409 498 3458 20
516 3387 663 3458 reffldatur
685 3413 707 3456 V
774 3403 918 3458 cabrario
935 3413 961 3457 1
1030 3402 1155 3458 iustitiae

135 3475 420 3620 ppnssipstseamdindicta
438 3478 466 3545 o)
485 3485 513 3529 Β
583 3482 617 3529 24
635 3490 743 3545 poenae
761 3492 812 3531 om.
828 3484 870 3543 Ι,
891 3490 964 3546 ponc
980 3490 1058 3545 supr.
1072 3496 1105 3529 ιι
