2408 3840
138 157 204 221 334
433 153 849 210 mrhfflommfflw

136 324 233 401 poeoit
251 324 420 384 sollicitudo
443 325 558 402 generis
581 325 712 383 humani.
749 325 832 383 etant
847 323 930 382 oiroe
945 322 1055 383 liberor
1074 325 1148 383 etto·

136 415 194 472 niti
216 416 364 490 parentes,
387 415 489 473 horret
507 413 637 472 invicem
654 431 686 472 ee
705 413 814 472 oeritue
832 412 969 471 heterna.
986 413 1151 490 oompheoti,

136 506 226 577 rupte
250 505 294 561 est
316 502 370 561 ille
397 502 565 561 osculorum
586 503 666 561 inter
688 519 803 562 sooeros
832 514 1015 578 generosque
1037 501 1151 578 simpli·

137 592 219 650 eites.
258 610 412 667 quousque
435 610 489 650 noe
510 610 577 651 oum
599 591 712 650 silentii
733 591 781 649 tui
801 589 1050 666 interpretufione
1072 609 1151 650 oom-

136 679 255 739 mittis?
300 681 325 739 si
348 680 425 739 nihil
446 681 561 739 fectum
583 682 629 739 eet
652 679 731 754 quod
753 678 862 738 debeat
882 679 1056 739 erubeeoere
1078 681 1151 739 tem-
1175 699 1185 741 ι

135 788 242 846 porum
272 769 376 845 pudor,
407 769 479 844 quid
509 769 565 828 eibi
590 769 698 828 volunt
724 769 815 827 verbe
844 768 957 844 medie,
984 766 1152 845 mmm?

136 862 162 919 si
184 860 268 918 nefas
292 858 469 935 prodigiosis
493 859 590 917 §mile
611 857 722 917 iebulie
746 813 980 958 deprehendisti,
1003 858 1151 933 mirerere,

136 949 238 1009 neeis
261 967 322 1007 unu
342 949 440 1006 morte
463 950 627 1006 contentis
667 948 813 1006 inuestem
831 947 958 1024 groviue
983 946 1082 1006 odisse
1102 946 1152 1006 de·

136 1037 200 1112 bes,
228 1036 307 1112 quod
335 1038 366 1094 et
387 1037 471 1094 venit
497 1038 530 1094 in
556 1036 667 1110 forum,
695 1034 774 1136 quod
802 1035 959 1095 eudeoiem
985 1037 1150 1095 inueoen‘de

136 1083 274 1185 imitetur
306 1127 337 1184 et
368 1125 480 1183 taeenti
510 1125 668 1183 videtum
659 1124 757 1184 rreeoi.
803 1143 870 1183 omn
901 1123 999 1182 filium
1021 1128 1187 1201 propero

135 1233 285 1273 rumorem
297 1215 429 1288 torseris,
443 1216 567 1290 propter
578 1216 729 1272 tormento
742 1213 893 1287 urridens,
910 1231 971 1272 non
989 1216 1037 1273 eet
1053 1213 1152 1272 inedie.

134 1321 190 1375 ree,
212 1306 249 1361 ut
271 1305 412 1361 neutrum
430 1303 566 1361 sciemur.
602 1305 700 1361 meter
718 1302 847 1378 quidem,
868 1301 990 1376 iudioee‚
1012 1304 1150 1362 innoeen-

134 1393 250 1451 tiesime
277 1392 333 1450 hoo
356 1392 534 1466 complorat,
560 1391 616 1450 hoo
642 1392 721 1450 ferre
747 1410 809 1450 non
835 1393 947 1468 potest,
969 1391 1051 1466 quod
1076 1391 1151 1450 nihil

82 1483 120 1539 16
134 1479 284 1555 perrioide
315 1480 482 1557 respondet
528 1481 581 1539 sed
610 1480 695 1539 nobie
723 1480 844 1540 videtur
875 1482 1058 1556 iamiamque
1087 1498 1151 1540 eeee

135 1569 276 1628 dicturus.
322 1588 382 1628 non
404 1570 485 1629 tellit
507 1588 574 1644 noe,
596 1568 738 1644 nefande,
762 1568 834 1646 quid
857 1573 967 1646 ceptor,
992 1569 1049 1629 hoe
1072 1568 1187 1645 qoodu

135 1676 224 1732 supre
248 1658 401 1716 silentium
423 1659 517 1718 trehie
542 1659 605 1718 arta
628 1659 766 1735 suspirie,
789 1658 869 1735 quod
890 1660 922 1718 in
944 1659 1150 1734 prorumpenti

134 1747 244 1805 videris
268 1747 482 1806 exclamatione
504 1747 635 1822 deficere,
658 1749 812 1807 mendnoio
832 1749 959 1823 peretur
977 1749 1150 1821 motoritm,

135 1838 165 1895 et
187 1836 219 1894 in
242 1835 331 1895 fidem
354 1839 512 1912 erupturae
531 1839 612 1897 voeis
631 1837 775 1911 adfertur,
796 1838 831 1895 ut
847 1837 938 1896 deteri
955 1836 1088 1896 videone
1103 1839 1148 1896 in·

133 1928 222 1985 vitus.
269 1926 454 2000 dictamen,
481 1945 537 2002 per
560 1929 606 1986 est
627 1926 697 1985 hoio
719 1927 764 1985 rei
785 1927 891 1985 mehir
915 1925 1090 2003 integriter,
1116 1929 1149 1984 ut

133 2013 311 2074 mentieris?
348 2035 366 2074 o
390 2019 502 2090 quento
524 2033 605 2073 nnnc
628 2014 730 2075 dolore
756 2017 904 2090 torqueris
932 2015 1013 2090 quod
1035 2015 1184 2075 inetur-re

132 2107 193 2164 tem
216 2124 276 2164 non
299 2108 384 2180 potes
406 2104 509 2179 eliqua
530 2105 610 2163 huoi
630 2105 866 2179 proclametione
889 2102 1045 2163 dieoutere.
1091 2122 1148 2163 non

132 2194 224 2252 verbe
253 2193 311 2253 tibi
338 2195 441 2253 oontre
473 2192 613 2252 miserem
645 2193 695 2252 eed
729 2195 907 2270 argumente
936 2192 1059 2267 derunt,
1090 2211 1148 2252 non

132 2300 203 2342 vooe
231 2283 282 2342 sed
310 2282 486 2358 probatione
513 2281 654 2341 defioerie.
700 2282 780 2357 quod
806 2282 902 2340 solum
927 2281 1033 2356 detrir,
1059 2282 1149 2342 retin-

132 2372 197 2445 quis
220 2372 362 2431 infemiee
387 2374 417 2430 et
439 2389 492 2430 uos
517 2389 584 2429 oum
606 2373 752 2445 perpetue
769 2389 937 2430 sermonum
953 2370 1148 2448 mhgnitrte

131 2460 301 2518 committis.
348 2459 399 2535 qui
431 2462 667 2536 interrogantem
698 2478 820 2518 uxorem
850 2478 904 2518 neo
938 2458 1065 2518 damnat
1092 2476 1180 2520 neore

131 2548 268 2622 absolvit,
291 2567 409 2607 rumore
433 2551 589 2608 eontentue
612 2551 664 2607 eet.
708 2548 884 2607 modestiam
906 2550 1011 2607 meriti
1034 2551 1148 2626 puriter

130 2640 161 2695 et
183 2639 278 2714 petris
306 2639 441 2714 aecipite.
487 2638 524 2697 de
545 2637 670 2696 muliere
693 2656 770 2712 quoe
797 2637 932 2696 eonvinoi
954 2655 1016 2696 non
1040 2641 1149 2715 potest,

131 2726 264 2785 sufficere
291 2725 350 2785 sibi
376 2729 478 2802 putet,
507 2729 544 2785 ut
570 2727 684 2785 inceste
712 2726 857 2785 credetur.
903 2727 972 2800 quie
1003 2746 1147 2802 umqum

129 2816 193 2873 tem
215 2815 358 2874 nefandae
382 2818 469 2890 ortes,
492 2818 555 2874 tem
579 2818 734 2874 cruentum
754 2814 949 2890 deprehendit
970 2815 1148 2894 ingenium?

130 2904 201 2976 quie
224 2922 284 2962 non
305 2907 407 2978 potest
428 2904 555 2979 probare
579 2903 658 2979 quod
681 2903 797 2978 dixerit,
823 2906 926 2981 oeptet
948 2907 984 2962 ut
1007 2905 1183 2965 enodatum

202 3171 373 3225 2freterne:
394 3186 514 3241 eupeme
530 3179 562 3223 Μ
613 3172 813 3240 eteneroeque
831 3180 853 3224 V
920 3122 1075 3226 odeberdt
1088 3178 1113 3226 v

128 3241 324 3320 erubescettre
342 3249 370 3295 Β
456 3243 668 3313 Soontemptue
686 3243 825 3296 incestum
843 3250 876 3295 11
963 3247 998 3296 10
1016 3228 1148 3298 videnum

130 3331 152 3372 v
216 3340 291 3376 oum:
311 3339 378 3374 num
397 3322 456 3376 Set
531 3321 592 3375 16
583 3337 613 3374 ιιι
632 3335 713 3387 ome
785 3327 940 3392 19perea
1012 3321 1151 3377 hainen

127 3397 161 3444 ιο
181 3394 303 3476 stantem
324 3403 346 3446 v
432 3399 464 3448 ιι
484 3377 625 3477 poesin
712 3399 747 3447 ne
765 3393 901 3478 refecere
920 3403 991 3462 mn
1015 3394 1148 3459 reem

127 3466 333 3592 pimpltpuetp'
374 3472 671 3534 queeoumvmoru
723 3468 958 3520 remaneam
1007 3469 1147 3536 werp&
