2408 3840
290 168 513 224 TESTIMONIA
530 169 578 223 ET
595 167 823 223 FRAGMENTA
999 167 1064 232 353

115 336 229 398 LAcT.
253 340 321 397 inst
344 340 372 413 1,
392 340 443 413 21,
464 340 518 397 17:
548 339 660 414 optime
687 339 784 416 igitur
808 336 1010 406 Quintilianus
1032 337 1098 396 inb

50 428 211 488 fanatico
234 428 323 497 istud,
345 427 452 504 inquit,
474 428 574 487 ridere
597 429 678 501 cepit,
700 429 796 486 cratus
819 431 866 486 est.

113 515 226 576 LAOT.
240 518 309 578 inst.
325 517 354 592 5,
371 519 398 591 7,
414 520 446 577 6:
469 535 539 575 nam
563 515 630 575 ideo
650 517 832 592 potentiores
855 533 918 575 esse
937 517 1064 575 iniustos
1079 517 1097 571 6

50 605 120 665 deus
143 606 293 681 permisit,
319 607 355 664 ut
377 623 481 683 cogere
504 605 543 665 ad
569 607 683 665 malum
705 607 838 680 possent:
865 604 931 665 ideo
954 605 1065 680 plures,

50 698 82 754 ut
111 696 208 754 virtus
243 696 320 754 esset
347 696 480 771 pretiosa
516 694 596 770 quod
630 713 699 754 rara
736 696 788 753 est.
835 694 914 768 quod
945 694 1065 768 quidem

47 785 146 861 ipsum
165 783 367 852 Quintilianus
391 784 507 862 egregie
525 801 560 842 ac
582 784 713 842 breviter
737 781 868 842 ostendit
889 781 920 840 in
944 783 1064 858 capite

49 874 233 932 obvoluto:
256 891 327 932 cam
349 890 436 946 quac,
458 872 570 948 inquit,
597 875 691 932 aces
709 876 781 932 esset
801 874 982 931 innocentiae
1003 874 1064 931 atsi

47 963 166 1022 laudem
178 965 289 1022 raritas
303 963 433 1022 dedecet.
470 981 574 1020 verum
589 963 660 1036 quia
678 963 786 1020 natum
800 962 843 1020 sio
857 962 1063 1036 comparatum

46 1055 101 1126 est,
120 1053 156 1110 ut
175 1051 284 1126 odium,
307 1050 463 1126 cupiditas,
481 1052 528 1108 ira
545 1052 578 1109 in
595 1051 628 1108 id
646 1050 725 1126 quod
744 1049 952 1124 incubuerunt,
971 1054 1064 1128 agant

46 1159 158 1215 caecoS,
181 1160 270 1216 supra
292 1140 443 1198 hominem
461 1139 580 1198 videtur
603 1141 692 1215 culpa
713 1157 827 1199 vacare.
869 1139 1012 1215 alioquin,
1037 1141 1063 1197 si

44 1232 155 1289 natura
176 1248 264 1305 pares
286 1229 423 1288 omnibus
446 1229 579 1288 adfectus
602 1228 744 1302 dedisset,
769 1229 866 1304 pietas
890 1228 966 1286 nihil
988 1231 1060 1287 erat.

112 1317 225 1377 LAGT.
243 1320 312 1377 inst.
333 1322 362 1394 6,
382 1319 432 1392 23,
448 1319 503 1377 30:
526 1318 611 1377 nulla
629 1319 791 1377 esttamen
810 1318 922 1393 perditi
938 1316 1061 1393 pudoris
1077 1317 1092 1371 7

44 1407 183 1466 adultera
215 1426 290 1482 quae
323 1425 382 1465 non
413 1409 489 1466 hanc
525 1425 645 1466 causam
677 1408 760 1466 vitiis
792 1408 853 1466 suis
885 1405 1062 1481 praetendat

43 1496 186 1555 iniuriam
208 1515 239 1555 se
256 1496 405 1572 peccando
427 1515 488 1554 non
506 1496 602 1555 facere
620 1496 672 1555 sed
694 1496 811 1555 referre.
847 1495 926 1570 quod
949 1497 1060 1571 optime
1156 1495 1159 1498 ’

44 1583 249 1655 Quintilianus
277 1584 432 1661 expressit:
456 1586 553 1654 liccam
582 1585 693 1660 inquit,
722 1603 813 1659 aeque
842 1585 933 1643 altem
959 1588 1060 1644 mati-

42 1677 136 1734 montc'
158 1676 305 1734 cesarem
326 1692 417 1748 aecae
438 1677 487 1734 sat
509 1679 611 1733 castos.

110 1763 217 1821 HIER.
242 1766 356 1839 quaest.
375 1762 465 1821 Hebr.
490 1764 519 1839 3,
542 1765 575 1822 1:
603 1782 657 1822 neo
684 1761 793 1822 mirum
821 1762 899 1821 hano
927 1765 960 1821 in
990 1763 1091 1822 con-8

43 1855 134 1930 captu
151 1853 330 1910 feminarum
348 1870 410 1912 esse
423 1854 572 1928 naturam,
590 1855 633 1926 ut,
652 1853 754 1928 quales
773 1851 976 1929 perspexerint
995 1854 1058 1911 sive

42 1943 143 2000 mente
165 1943 353 2017 conceperint
375 1942 406 1999 in
430 1943 561 2000 extrema
583 1942 748 2018 voluptatis
771 1943 864 2015 aestu,
890 1959 966 2016 quae
990 1959 1058 2000 con-

42 2031 169 2107 cipiunt,
191 2031 281 2089 talem
301 2030 432 2089 sobolem
454 2033 617 2107 procreent,
641 2048 708 2088 cum
725 2031 781 2089 hoo
798 2031 898 2106 ipsum
917 2031 1008 2088 etiam
1026 2031 1057 2088 in

42 2137 188 2194 equarum
210 2119 349 2198 gregibus
377 2117 456 2194 apud
478 2119 628 2195 Hispanos
652 2119 769 2177 dicatur
791 2118 864 2192 fieri,
888 2119 917 2176 et
940 2117 1056 2186 Quinti-

42 2208 142 2267 lianus
160 2210 193 2266 in
212 2227 247 2266 ea
266 2210 476 2282 controversia,
493 2211 598 2284 inqua
613 2207 809 2266 accusabatur
822 2209 959 2264 matrona
978 2208 1056 2282 quod

42 2296 222 2373 Aethiopem
248 2299 409 2373 pepererit,
439 2316 494 2373 pro
522 2296 690 2356 defensione
720 2297 801 2355 illius
830 2297 1057 2372 argumentatur

43 2385 121 2444 hanc
144 2389 339 2463 conceptuum
362 2406 423 2446 esse
446 2388 586 2445 naturam
609 2405 699 2461 quam
722 2404 811 2460 supra
835 2383 971 2443 diximus.
1057 2390 1064 2405 ‘

109 2474 217 2534 Hinc.
241 2475 307 2534 adv.
326 2475 470 2552 Vigilant.
492 2477 524 2532 1:
552 2475 608 2534 iste
636 2492 730 2550 caupo
754 2472 999 2550 Calagurritanus
1027 2473 1089 2532 eti)

42 2564 74 2621 in
105 2584 277 2641 perversum
307 2566 428 2641 propter
459 2582 566 2621 nomen
597 2563 690 2622 viculi
722 2565 822 2622 mutus
855 2561 1056 2631 Quintilianus

42 2654 146 2713 miscet
168 2646 281 2728 aquam‘
299 2653 377 2711 vino.

108 2740 313 2801 IORDANES
333 2741 397 2800 (iet.
413 2743 463 2815 29,
480 2741 552 2815 151,
575 2759 659 2815 quem
676 2742 771 2800 locam
788 2741 883 2800 Rider
899 2741 955 2798 bac
976 2740 1109 2800 ccco-10

41 2833 130 2900 cord,
155 2831 369 2905 Quinctianae
392 2847 451 2889 esec
473 2830 627 2889 laudarem
653 2832 703 2889 cic
726 2831 858 2902 credam
883 2834 956 2888 recte
978 2832 1055 2888 caim

40 2920 253 2979 Moramceae'uc
270 2938 328 2994 pro
353 2919 463 2978 Fabius
486 2921 644 2978 resb'tca'ssc
672 2920 880 2978 cccccccccc
902 2917 1054 2977 Ablaviue

111 3107 249 3162 ciratus:
273 3109 367 3163 malim
390 3106 541 3161 sceleratus
564 3109 605 3162 cel
626 3107 741 3160 insanus
767 3107 887 3160 Brundi.
983 3110 998 3157 6
1017 3106 1052 3172 cf.

41 3181 145 3245 nitar,
173 3179 217 3234 die
240 3179 483 3248 quintiliace'ochea
505 3179 746 3243 Declamatiocea,
766 3194 796 3245 p.
814 3181 868 3232 211
893 3178 1052 3246 (calceate,

39 3259 71 3306 at
87 3252 205 3316 mdetur,
222 3253 282 3305 cola
297 3253 377 3306 cerba
396 3266 462 3303 nam
472 3249 641 3303 -dedisset
658 3265 692 3302 ecc
708 3249 881 3319 Quintiliano
895 3249 985 3317 petita
998 3264 1052 3302 cose

34 3327 130 3393 putat)
151 3328 176 3376 ct
188 3326 259 3389 255;
277 3324 330 3377 alii
347 3329 373 3376 et
389 3323 470 3376 cerba
487 3323 627 3388 sequentia
647 3319 821 3390 Quintiliano
839 3319 1008 3374 tribuerunt.

38 3392 219 3448 incubuerint
235 3395 310 3449 codd.
383 3399 401 3447 8
417 3393 452 3461 cli
474 3389 574 3448 CALP.
593 3391 720 3450 TLAQQ.
741 3394 810 3450 dect.
829 3396 858 3447 2.

57 3639 219 3687 emaum
231 3656 453 3700 cremnorum
469 3661 512 3705 ed.
529 3665 690 3710 nannete.
919 3644 964 3694 Ἃ
