2408 3840
376 157 610 215 DECLAMATIO
629 160 655 213 x
669 165 764 213 8-10.
1015 158 1076 222 191

58 329 256 404 impatientia
283 330 426 405 eruperit,
453 331 489 387 ut
515 330 621 388 mulier
644 328 805 404 aliquando
828 327 959 386 dulcium
985 327 1079 386 oblita

59 419 256 477 tenebrarum
279 419 391 477 clarum
418 419 546 477 nitorem
572 417 709 494 publicae
731 418 806 476 lucis
830 419 860 475 et
883 417 960 474 diem
989 419 1080 475 etiam

62 507 147 567 domi
168 508 300 566 invisum
321 509 353 565 in
376 509 441 566 foro
463 509 600 583 interque
623 507 703 585 leges
726 505 867 565 notabilis
887 507 918 564 et
935 507 1079 581 sepulcris

62 597 219 656 absumta
240 599 401 672 pateretur,
425 600 538 656 certum
560 597 693 672 prolecto
712 595 827 654 habetis
846 615 905 653 non
924 595 1080 653 audaciam

34 704 163 762 cneque
190 687 409 762 impudentiam
435 705 489 744 nec
516 686 681 744 vanitatem
706 704 839 760 unquam
870 684 1002 758 querelas
1028 684 1079 742 ha·

62 775 165 833 buisse
197 776 378 834 miserorum.
424 793 515 851 quam
546 793 651 832 verum
684 776 728 833 est
759 773 902 849 quicquid
934 773 1080 830 exclamat

63 862 236 938 calamitas,
263 883 316 922 nec
340 864 376 922 ab
399 862 568 923 infelicibus
589 863 653 921 ficti
675 867 784 921 temere
809 864 915 922 exeunt
939 862 1079 938 gemitus!

63 953 175 1012 mulier
190 971 265 1027 quae
278 954 491 1030 sanguinantes
506 953 543 1012 ad
557 953 685 1011 iudicem
703 954 832 1029 porrigit
850 952 985 1024 lacertos,
1004 970 1079 1025 quae

62 1043 158 1101 scisso
185 1041 357 1117 laniataque
383 1043 483 1117 uultu,
515 1061 590 1117 quae
622 1042 722 1100 lividis
753 1043 906 1117 proicitur
932 1038 1080 1114 uberibus

21 1156 49 1197 10
62 1149 176 1207 magno
204 1129 304 1189 dolore
331 1131 456 1208 cogitur,
482 1132 518 1188 ut
544 1131 599 1190 hoc
626 1133 727 1206 potius
756 1132 828 1208 agat
850 1149 941 1205 quam
968 1130 1080 1187 cineres

64 1219 227 1294 osculetur,
250 1239 339 1295 quam
367 1220 582 1295 complectatur
608 1238 722 1277 urnam.
768 1219 868 1296 gravis
895 1219 981 1277 testis
1010 1238 1080 1294 que-

62 1309 146 1368 relae
169 1326 240 1367 suae
263 1309 374 1368 orbitas
397 1312 449 1368 est.

132 1397 173 1454 nt
195 1400 355 1472 antequam
374 1398 412 1456 ad
437 1416 530 1475 genus
550 1398 654 1456 illatae
672 1398 774 1472 inique
793 1398 820 1454 ei
838 1397 965 1456 iniuriae
983 1398 1078 1471 venio,
1093 1397 1131 1452 10

63 1505 126 1554 cur,
155 1487 275 1561 marite,
299 1506 375 1562 quae
399 1507 432 1546 ex
455 1489 486 1545 te
509 1487 604 1545 filium
626 1486 770 1563 perdidit,
794 1485 953 1562 quicquam
980 1488 1080 1562 potest

21 1600 48 1641 ις
63 1573 174 1651 queri?
219 1576 345 1634 crudelis
373 1576 533 1635 orbitatem
559 1576 631 1634 feris
659 1575 755 1633 adhuc
779 1576 837 1633 alio
861 1576 976 1650 dolore,
1003 1578 1079 1634 tam·

63 1683 156 1740 quam
179 1683 286 1739 pamm
308 1664 454 1723 desideria
473 1664 630 1724 conficiant
648 1683 723 1740 quae
743 1665 778 1722 de
799 1667 887 1722 unico
911 1667 997 1742 gerit,
1020 1683 1079 1722 uon

62 1753 178 1829 pateris
202 1754 332 1812 animam
351 1773 458 1813 vacare
485 1755 616 1813 lacrimis
639 1757 700 1812 suis
728 1757 761 1810 tu
786 1754 838 1828 qui
860 1755 959 1811 sinum
982 1753 1079 1827 debes,

63 1843 117 1918 qui
142 1841 291 1918 colloquia
318 1845 348 1900 et
376 1843 537 1918 amplexus.
582 1863 673 1919 quam
699 1843 808 1901 misera
836 1845 880 1901 est
904 1862 980 1918 quae
1008 1861 1079 1918 que-

61 1931 143 1990 ritur
165 1931 254 1989 etde
277 1932 387 1991 solacio
411 1951 472 1991 suo,
513 1951 573 1991 non
596 1933 730 2008 coniugis
753 1931 905 1990 desideriis
929 1932 1011 2009 large
1034 1934 1077 1989 in-

22 2044 50 2086 „
63 2020 182 2097 dulget:
205 2019 280 2077 nihil
303 2038 414 2096 aspere,
436 2021 513 2079 nihil
536 2024 639 2080 contra
662 2021 859 2080 voluntatem!
904 2020 994 2079 habet
1017 2023 1077 2095 pri-

62 2108 208 2186 vilegium
236 2127 322 2166 suum
348 2112 444 2168 mater
466 2110 582 2184 infelix,
610 2111 714 2168 molles
737 2127 842 2168 manus
870 2111 901 2168 et
922 2109 1009 2167 mitia
1032 2110 1077 2167 fo-

61 2200 166 2257 menta
188 2197 304 2274 magnis
324 2199 494 2257 vulneribus
514 2199 679 2258 admoveas.
717 2217 792 2274 quae
816 2217 846 2256 se
865 2198 961 2257 adhuc
985 2200 1078 2256 secari

62 2287 155 2364 plaga
187 2286 348 2361 permittit,
380 2288 412 2344 in
445 2306 558 2347 summo
590 2290 643 2347 est.
689 2289 748 2346 viri
774 2287 901 2346 forsitan
929 2287 1077 2363 quomodo

61 2376 173 2434 fortior
191 2393 275 2434 sexus
293 2377 341 2450 sit,
361 2378 391 2434 et
409 2379 513 2435 contra
531 2377 661 2436 dolorem
679 2396 769 2451 quam
785 2375 943 2434 imbecillis
963 2376 1079 2434 animus

22 2488 49 2530 11
63 2466 162 2541 magis
189 2467 313 2542 pugnat.
358 2465 460 2540 itaque
483 2468 580 2525 totum
607 2466 689 2524 istud
712 2467 815 2544 lugere
842 2465 1002 2522 femineum
1026 2468 1079 2539 est,

60 2555 96 2612 et
123 2553 214 2612 simul
237 2553 349 2612 orbitas
376 2553 494 2613 imbelle
522 2559 624 2630 pectus
651 2555 781 2629 invadit,
809 2556 924 2612 animus
951 2554 1004 2612 ille
1028 2556 1079 2628 qui

64 2642 163 2701 luctus
194 2660 262 2701 suos
294 2642 441 2719 sequitur,
472 2644 577 2719 incipit
605 2644 822 2720 indulgentiam
853 2645 962 2702 sentire
992 2644 1079 2702 lacri-

63 2749 190 2790 marum.
235 2730 323 2790 fidem
346 2734 443 2806 tuam,
466 2734 585 2806 marite,
610 2733 728 2810 coniugi
750 2733 820 2792 flere
842 2733 946 2806 liceat,
969 2734 1079 2791 satiare

138 2920 204 2972 lut
218 2936 268 2972 om.
278 2928 316 2985 113
331 2929 425 2972 necP
477 2925 608 2987 dquam:
625 2920 729 2988 quode
784 2925 799 2972 7
814 2936 848 2973 ne
862 2930 887 2972 -1'
938 2919 1080 2973 Sindices

62 2998 124 3042 ΙΙΙ
190 3005 244 3058 quc
262 2999 301 3056 113
321 2991 358 3060 q}
376 2992 402 3060 (;
421 2992 468 3061 er.)
487 3001 519 3043 111
590 2996 623 3043 10
642 3007 727 3060 quam
746 2992 864 3045 cineres:
884 2994 917 3045 ut
935 2991 1041 3045 cineres
1055 3001 1083 3044 P

64 3066 97 3114 11
124 3076 210 3129 quam
234 3064 297 3115 bote
320 3061 524 3130 complectatur
546 3079 596 3117 om.
612 3073 640 3116 P
658 3085 661 3088 ⁴
708 3063 845 3130 testisque
867 3062 942 3131 pelle
962 3071 1014 3114 BV

65 3138 97 3185 13
122 3131 220 3200 inique
238 3132 265 3185 ei
282 3141 312 3185 V:
331 3132 430 3201 iniqua
448 3132 560 3201 eiq3113
582 3134 709 3201 iniquem
723 3144 765 3201 M3
788 3134 884 3203 inique
904 3147 930 3201 a,
952 3133 1079 3200 iniquae-

61 3219 119 3272 que
137 3215 159 3255 1
225 3209 258 3256 14
277 3202 413 3272 quicquid
432 3214 483 3257 Mo
547 3206 830 3274 potest-tanquam
849 3206 917 3259 l.15
936 3214 1029 3259 111111

63 3280 97 3328 15
135 3273 244 3327 ueritur
262 3283 295 3327 11
346 3279 380 3328 18
399 3291 471 3343 quae
486 3285 584 3341 011111,
603 3294 678 3344 supr.
693 3297 725 3328 m
780 3282 891 3330 1911111
910 3275 959 3330 dcl.
977 3275 1026 3330 Gr.

60 3292 180 3415 inddge
201 3345 249 3400 Gr.
322 3352 356 3399 11
376 3362 534 3401 ammoveae
553 3357 581 3401 P
651 3347 776 3402 adhaec
797 3347 859 3432 Otr.
942 3345 1079 3419 14<111>

60 3470 210 3595 gteffimh
280 3485 377 3539 quam:
397 3471 473 3539 quod
492 3485 522 3536 a·
588 3477 621 3525 15
640 3472 792 3526 femineum
809 3443 840 3526 et
858 3481 886 3524 Β
975 3471 1079 3524 161111-

81 3557 96 3595 e
149 3556 164 3595 e
