2408 3840
88 687 107 741 d

93 2195 108 2249 l

125 163 188 226 172
527 161 737 217 GLADIA'POR

123 331 392 407 contemptissimus
414 332 473 390 tiro
498 331 655 410 gladiator,
678 334 712 389 ut
734 332 893 391 novissime
915 330 1073 408 perderem
1092 351 1139 391 ca·

123 420 268 480 lamitatis
291 439 374 479 meae
392 422 602 496 innocentiam,
626 420 775 480 discebam
793 420 902 480 cotidie
924 421 1027 480 scelus.
1064 422 1140 480 haec

122 511 224 568 tamen
251 512 351 568 omnia
378 511 519 584 sustinui,
546 510 616 568 tuli:
645 509 718 568 adeo
747 509 868 569 difficile
895 512 942 569 est
968 511 1061 569 etiam
1085 528 1141 569 sua

125 617 214 658 causa
236 601 320 657 mori.

192 688 315 747 Etiam
338 687 399 747 dies
423 687 539 762 aderat,
565 689 686 762 iamque
709 688 747 746 ad
770 688 971 764 spectaculum
997 687 1139 764 supplicii
1164 706 1175 746 e

124 777 218 836 nostri
236 777 364 853 populus
383 779 569 851 convenerat,
582 778 643 835 iam
661 778 813 836 ostentata
828 795 882 852 per
898 777 1042 835 harenam
1059 778 1139 853 peri-

124 869 260 924 turorum
283 884 407 941 corpora
428 867 533 925 mortis
557 884 627 925 suae
653 885 795 941 pompam
817 865 970 924 duxerant.
1016 865 1139 925 sedebat

124 956 268 1032 sanguine
295 957 397 1014 nostro
424 953 598 1014 favorabilis
626 954 776 1028 dominus,
808 973 875 1013 cum
902 974 949 1013 me
976 956 1075 1029 cuius,
1105 957 1139 1013 ut

124 1043 280 1102 interiecto
298 1046 382 1117 mari,
401 1062 461 1103 non
479 1044 630 1103 fortunam
649 1045 807 1120 quisquam
824 1061 918 1118 nosse,
936 1062 996 1102 non
1012 1044 1138 1119 natales,

124 1152 184 1191 non
206 1135 323 1208 patrem
345 1134 472 1208 poterat,
495 1151 555 1190 una
577 1135 678 1191 tamen
696 1151 743 1192 res
766 1133 877 1192 faceret
895 1132 975 1208 apud
993 1133 1138 1208 quosdam
1152 1149 1177 1190 ιο

124 1221 324 1280 miserabilem
346 1221 426 1296 quod
448 1222 571 1280 videbar
593 1223 695 1297 inique
719 1224 914 1297 comparatus.
954 1224 1036 1280 certa
1059 1221 1139 1280 enim

124 1311 252 1369 harenae
271 1310 442 1370 destinabar
460 1312 590 1385 victima,
605 1330 691 1370 nemo
709 1312 878 1369 munerario
896 1309 986 1370 vilius
1005 1312 1138 1370 steterat.

125 1399 292 1458 fremebant
322 1400 431 1474 ubique
468 1402 568 1458 omnia
605 1402 751 1475 apparatu
782 1400 895 1459 mortis.
941 1400 990 1458 hic
1026 1400 1139 1458 ferrum

126 1489 259 1562 acuebat,
277 1489 329 1547 ille
348 1488 526 1548 accendebat
548 1488 667 1566 ignibus
685 1489 821 1564 laminas,
844 1489 914 1547 hinc
933 1489 1045 1566 virgae,
1069 1489 1139 1548 inde

125 1578 245 1654 flagella
277 1576 499 1636 adferebantur:
537 1595 636 1636 omnes
668 1577 782 1653 piratas
816 1579 956 1653 putares:
991 1577 1140 1638 sonabant
1153 1594 1178 1635 re

126 1667 263 1744 clangore
286 1667 373 1725 ferali
396 1666 499 1741 tubae,
522 1666 683 1741 inlatisque
705 1665 856 1725 Libitinae
878 1669 952 1725 toris
975 1666 1141 1726 ducebatur

125 1757 214 1814 funus
239 1757 307 1814 ante
329 1758 463 1815 mortem.
510 1755 619 1830 ubique
642 1756 778 1830 vulnera,
806 1757 948 1833 gemitus,
973 1773 1070 1831 cruor,
1094 1760 1140 1815 to-

125 1848 190 1902 tum
217 1845 250 1901 in
273 1845 365 1903 oculis
392 1845 565 1920 periculum.
611 1845 636 1903 si
659 1844 732 1920 quid
755 1847 799 1903 est
820 1845 853 1901 in
875 1864 923 1903 me
950 1844 1140 1905 abdicatione

127 1933 258 2009 dignum,
281 1933 403 2008 iudices,
422 1954 514 1991 unum
533 1935 643 1992 crimen
662 1951 801 2011 agnosco:
825 1933 905 2009 quod
921 1935 954 1991 in
972 1933 1046 1993 haec
1066 1935 1140 1992 ami-

127 2041 194 2080 cum
212 2041 310 2080 meum
328 2024 404 2082 misi.
442 2025 486 2081 est
504 2023 624 2098 quidem
647 2022 782 2082 felicibus
800 2021 930 2082 difficilis
950 2024 1141 2082 miseriamm
1154 2039 1180 2079 se

127 2130 196 2169 vera
221 2113 402 2185 aestimatio,
429 2111 557 2189 figurare
579 2114 681 2170 tamen
703 2110 828 2187 potestis
851 2112 905 2187 qui
926 2113 999 2170 tunc
1022 2114 1141 2172 animus

128 2201 215 2272 mihi,
243 2219 320 2275 quae
347 2203 489 2278 cogitatio
517 2201 615 2259 fuerit.
661 2220 789 2276 namque
817 2201 847 2258 et
871 2201 979 2259 natura
1006 2201 1088 2260 redit
1109 2203 1141 2260 in

127 2291 264 2348 extremis
291 2291 387 2349 tristis
414 2290 594 2365 praeteritae
616 2291 781 2365 voluptatis
803 2289 983 2363 recordatio,
1013 2293 1043 2348 et
1066 2291 1141 2349 mihi

127 2397 194 2436 cum
217 2379 332 2455 generis
356 2380 544 2455 conscientia,
570 2397 637 2437 cum
659 2378 796 2438 fortunae
819 2378 952 2436 conscius
976 2378 1139 2454 aliquando

127 2466 234 2544 fulgor,
254 2486 320 2525 cum
338 2467 475 2526 liberales
494 2470 581 2541 artes,
600 2485 667 2526 cum
685 2468 785 2526 omnia
800 2466 950 2541 quondam
967 2467 1141 2528 honestiora
1152 2481 1177 2522 ee

127 2558 296 2614 munerario
315 2575 389 2630 meo,
413 2556 525 2630 domus,
548 2557 674 2631 familia,
695 2557 784 2614 amici
802 2557 958 2630 ceteraque
975 2570 1141 2633 numquam

127 2645 255 2703 videnda
273 2646 305 2702 in
324 2645 431 2704 ultima
453 2647 558 2704 mortis
577 2646 780 2720 expectatione
799 2647 1004 2704 succurrerent
1025 2648 1142 2706 tenenti

199 2873 213 2920 1
234 2868 450 2936 contempsimus
470 2877 511 2935 M,
530 2884 599 2922 cerr.
613 2888 645 2919 m
716 2871 731 2919 2
751 2865 953 2921 innocentiam:
976 2865 1142 2922 innotitiam

126 2950 150 2992 .1
219 2939 306 3002 hocs
395 2941 475 2992 tet:
496 2941 526 2991 at
545 2948 586 3004 M,
606 2955 673 2992 cerr.
688 2959 720 2989 m
804 2937 937 3007 supplicii
955 2955 989 2992 aa
1008 2938 1142 3009 subplicii

126 3020 154 3064 Β
238 3013 417 3065 euboea
495 3009 693 3063 9fortuna11
774 3015 946 3077 llquosB
1036 3017 1142 3065 laec

127 3081 287 3147 cuebat113
307 3081 464 3135 advehebat
481 3091 511 3148 1¹3
531 3080 670 3151 agcuebat
688 3089 720 3132 Μ
780 3081 911 3151 ίςιιξίὶιιιε
930 3090 959 3134 Β
1019 3080 1141 3136 laminae

126 3199 195 3256 nm
213 3169 323 3260 lanistas
341 3199 366 3241 ι
448 3151 514 3241 nde
532 3196 560 3240 ιι
644 3192 676 3240 re
696 3186 786 3240 omna
805 3195 833 3239 ιι
916 3193 950 3241 re
968 3186 1094 3243 nasama
1112 3196 1145 3242 ιι

127 3263 168 3329 (m
185 3260 408 3329 acpr.lrb1d1n1s
433 3265 459 3313 ct
480 3261 512 3313 e'a
534 3275 619 3328 marg.
639 3259 703 3312 add.
722 3258 767 3311 vel
788 3257 919 3312 libitinae
940 3259 1018 3327 quod
1040 3259 1141 3314 melius

127 3334 179 3400 est)
253 3338 286 3385 16
310 3331 435 3395 chariss
508 3334 540 3383 17
563 3329 690 3393 fumuse
762 3333 796 3382 18
819 3330 975 3400 estginss
992 3332 1140 3386 oelola'tt.

126 3406 216 3472 ertu
287 3407 319 3456 19
343 3402 415 3473 htac
433 3411 461 3454 B
531 3406 564 3454 20
584 3416 677 3454 meum
697 3401 737 3454 bis
755 3409 777 3452 V
844 3406 876 3454 21
896 3406 962 3470 pest
979 3401 1141 3457 aestimatio

126 3475 191 3528 add.
206 3474 299 3528 fuerat
314 3484 346 3538 P,
366 3473 415 3527 del.
430 3476 536 3527 man3
598 3477 631 3524 24
651 3471 852 3525 conscientiam
873 3481 895 3524 V
954 3488 1019 3527 curn
1035 3490 1088 3529 eae.
1103 3482 1141 3540 Ι,

119 3563 196 3614 supa
211 3567 245 3598 m
318 3545 458 3600 conscius:
479 3542 609 3614 congruit
628 3543 676 3597 Gr.
750 3545 934 3608 atterente
