<?xml version="1.0" encoding="UTF-8"?>
<!DOCTYPE html PUBLIC "-//W3C//DTD XHTML 1.0 Transitional//EN"
    "http://www.w3.org/TR/xhtml1/DTD/xhtml1-transitional.dtd">
<html xmlns="http://www.w3.org/1999/xhtml" xml:lang="en" lang="en">
 <head>
  <title>
</title>
<meta http-equiv="Content-Type" content="text/html;charset=utf-8" />
  <meta name='ocr-system' content='tesseract 3.04.00' />
  <meta name='ocr-capabilities' content='ocr_page ocr_carea ocr_par ocr_line ocrx_word'/>
</head>
<body>
  <div class='ocr_page' id='page_1' title='image "./qvintilianiqvae01quingoog_0020.png"; bbox 0 0 2408 3840; ppageno 0'>
   <div class='ocr_carea' id='block_1_1' title="bbox 384 155 1110 236">
    <p class='ocr_par' dir='ltr' id='par_1_1' title="bbox 384 155 1110 236">
     <span class='ocr_line' id='line_1_1' title="bbox 384 155 1110 236; baseline 0.001 -26"><span class='ocrx_word' id='word_1_1' title='bbox 384 233 387 236; x_wconf 8' lang='grc' dir='ltr'><strong><em>ἢ</em></strong></span> <span class='ocrx_word' id='word_1_2' title='bbox 494 155 709 211; x_wconf 77' lang='grc'><strong>1111111111.</strong></span> <span class='ocrx_word' id='word_1_3' title='bbox 1032 156 1110 211; x_wconf 86' lang='lat' dir='ltr'>xvu</span> 
     </span>
    </p>
   </div>
   <div class='ocr_carea' id='block_1_2' title="bbox 76 323 1108 3255">
    <p class='ocr_par' dir='ltr' id='par_1_2' title="bbox 84 323 1108 936">
     <span class='ocr_line' id='line_1_2' title="bbox 89 323 1108 404; baseline 0.003 -21"><span class='ocrx_word' id='word_1_4' title='bbox 89 325 206 384; x_wconf 89' lang='lat' dir='ltr'>duobus</span> <span class='ocrx_word' id='word_1_5' title='bbox 230 324 339 384; x_wconf 87' lang='lat' dir='ltr'>omissa</span> <span class='ocrx_word' id='word_1_6' title='bbox 366 323 444 383; x_wconf 89' lang='lat' dir='ltr'>sunt.</span> <span class='ocrx_word' id='word_1_7' title='bbox 486 326 518 382; x_wconf 93' lang='lat' dir='ltr'>in</span> <span class='ocrx_word' id='word_1_8' title='bbox 542 329 564 384; x_wconf 79' lang='lat' dir='ltr'>S</span> <span class='ocrx_word' id='word_1_9' title='bbox 588 324 774 384; x_wconf 87' lang='lat' dir='ltr'>desideratur</span> <span class='ocrx_word' id='word_1_10' title='bbox 801 324 916 402; x_wconf 87' lang='lat' dir='ltr'>aliquid</span> <span class='ocrx_word' id='word_1_11' title='bbox 940 346 963 385; x_wconf 93' lang='lat' dir='ltr'>e.</span> <span class='ocrx_word' id='word_1_12' title='bbox 982 348 1010 404; x_wconf 87' lang='lat' dir='ltr'>g.</span> <span class='ocrx_word' id='word_1_13' title='bbox 1029 347 1058 402; x_wconf 90' lang='lat' dir='ltr'>p.</span> <span class='ocrx_word' id='word_1_14' title='bbox 1080 329 1108 400; x_wconf 99' lang='grc'>7,</span> 
     </span>
     <span class='ocr_line' id='line_1_3' title="bbox 92 415 1108 492; baseline 0.001 -20"><span class='ocrx_word' id='word_1_15' title='bbox 92 418 139 473; x_wconf 90' lang='lat'>11.</span> <span class='ocrx_word' id='word_1_16' title='bbox 162 416 190 488; x_wconf 89' lang='grc'>7,</span> <span class='ocrx_word' id='word_1_17' title='bbox 212 416 262 472; x_wconf 82' lang='lat'>24.</span> <span class='ocrx_word' id='word_1_18' title='bbox 283 415 312 490; x_wconf 90' lang='lat'>8,</span> <span class='ocrx_word' id='word_1_19' title='bbox 328 415 356 473; x_wconf 83' lang='lat'>6.</span> <span class='ocrx_word' id='word_1_20' title='bbox 377 416 429 489; x_wconf 84' lang='lat'>27,</span> <span class='ocrx_word' id='word_1_21' title='bbox 446 416 496 489; x_wconf 85' lang='lat'>15,</span> <span class='ocrx_word' id='word_1_22' title='bbox 517 433 584 472; x_wconf 93' lang='lat' dir='ltr'>cum</span> <span class='ocrx_word' id='word_1_23' title='bbox 602 415 634 472; x_wconf 89' lang='lat' dir='ltr'>in</span> <span class='ocrx_word' id='word_1_24' title='bbox 652 418 679 472; x_wconf 90' lang='lat' dir='ltr'>P</span> <span class='ocrx_word' id='word_1_25' title='bbox 696 415 824 492; x_wconf 79' lang='lat' dir='ltr'>legatur,</span> <span class='ocrx_word' id='word_1_26' title='bbox 844 417 948 474; x_wconf 91' lang='lat' dir='ltr'>contra</span> <span class='ocrx_word' id='word_1_27' title='bbox 967 415 1058 474; x_wconf 87' lang='lat' dir='ltr'>verba</span> <span class='ocrx_word' id='word_1_28' title='bbox 1076 416 1108 473; x_wconf 91' lang='lat' dir='ltr'>in</span> 
     </span>
     <span class='ocr_line' id='line_1_4' title="bbox 89 502 1107 580; baseline 0 -17"><span class='ocrx_word' id='word_1_29' title='bbox 89 509 111 563; x_wconf 83' lang='lat' dir='ltr'>S</span> <span class='ocrx_word' id='word_1_30' title='bbox 139 505 261 562; x_wconf 88' lang='lat' dir='ltr'>servata</span> <span class='ocrx_word' id='word_1_31' title='bbox 288 502 461 562; x_wconf 87' lang='lat' dir='ltr'>exciderunt</span> <span class='ocrx_word' id='word_1_32' title='bbox 488 504 520 562; x_wconf 92' lang='lat' dir='ltr'>in</span> <span class='ocrx_word' id='word_1_33' title='bbox 547 507 573 561; x_wconf 88' lang='lat' dir='ltr'>P</span> <span class='ocrx_word' id='word_1_34' title='bbox 597 521 620 561; x_wconf 88' lang='grc'>1.</span> <span class='ocrx_word' id='word_1_35' title='bbox 644 524 671 580; x_wconf 87' lang='lat' dir='ltr'>g.</span> <span class='ocrx_word' id='word_1_36' title='bbox 691 524 720 579; x_wconf 90' lang='lat' dir='ltr'>p.</span> <span class='ocrx_word' id='word_1_37' title='bbox 741 505 792 577; x_wconf 82' lang='lat'>27,</span> <span class='ocrx_word' id='word_1_38' title='bbox 814 505 863 562; x_wconf 83' lang='lat'>15.</span> <span class='ocrx_word' id='word_1_39' title='bbox 889 505 962 578; x_wconf 80' lang='lat'><strong>248,</strong></span> <span class='ocrx_word' id='word_1_40' title='bbox 987 506 1037 562; x_wconf 89' lang='lat'>24.</span> <span class='ocrx_word' id='word_1_41' title='bbox 1085 509 1107 564; x_wconf 86' lang='lat' dir='ltr'>S</span> 
     </span>
     <span class='ocr_line' id='line_1_5' title="bbox 87 592 1108 668; baseline 0.002 -17"><span class='ocrx_word' id='word_1_42' title='bbox 87 595 190 652; x_wconf 88' lang='lat' dir='ltr'>autem</span> <span class='ocrx_word' id='word_1_43' title='bbox 221 610 283 651; x_wconf 90' lang='lat' dir='ltr'>esse</span> <span class='ocrx_word' id='word_1_44' title='bbox 312 594 420 651; x_wconf 89' lang='lat' dir='ltr'>testem</span> <span class='ocrx_word' id='word_1_45' title='bbox 449 593 541 667; x_wconf 91' lang='lat' dir='ltr'>paulo</span> <span class='ocrx_word' id='word_1_46' title='bbox 573 592 798 668; x_wconf 73' lang='lat' dir='ltr'>locupletiorem</span> <span class='ocrx_word' id='word_1_47' title='bbox 832 612 924 668; x_wconf 91' lang='lat' dir='ltr'>quam</span> <span class='ocrx_word' id='word_1_48' title='bbox 953 598 994 652; x_wconf 89' lang='lat' dir='ltr'>P.</span> <span class='ocrx_word' id='word_1_49' title='bbox 1010 594 1108 653; x_wconf 89' lang='lat' dir='ltr'>elucet</span> 
     </span>
     <span class='ocr_line' id='line_1_6' title="bbox 84 681 1106 757; baseline 0.004 -17"><span class='ocrx_word' id='word_1_50' title='bbox 84 682 157 740; x_wconf 88' lang='lat' dir='ltr'>inde</span> <span class='ocrx_word' id='word_1_51' title='bbox 191 681 273 757; x_wconf 91' lang='lat' dir='ltr'>quod</span> <span class='ocrx_word' id='word_1_52' title='bbox 307 700 367 739; x_wconf 90' lang='lat' dir='ltr'>non</span> <span class='ocrx_word' id='word_1_53' title='bbox 404 682 500 740; x_wconf 90' lang='lat' dir='ltr'>solum</span> <span class='ocrx_word' id='word_1_54' title='bbox 529 681 606 740; x_wconf 86' lang='lat' dir='ltr'>liber</span> <span class='ocrx_word' id='word_1_55' title='bbox 640 683 685 740; x_wconf 88' lang='grc'>111</span> <span class='ocrx_word' id='word_1_56' title='bbox 716 701 733 739; x_wconf 90' lang='grc'>1</span> <span class='ocrx_word' id='word_1_57' title='bbox 763 681 866 741; x_wconf 91' lang='lat' dir='ltr'>multis</span> <span class='ocrx_word' id='word_1_58' title='bbox 900 682 962 741; x_wconf 91' lang='lat' dir='ltr'>illis</span> <span class='ocrx_word' id='word_1_59' title='bbox 992 683 1106 744; x_wconf 89' lang='lat' dir='ltr'>mendis</span> 
     </span>
     <span class='ocr_line' id='line_1_7' title="bbox 85 770 1106 847; baseline 0.001 -18"><span class='ocrx_word' id='word_1_60' title='bbox 85 771 199 830; x_wconf 81' lang='lat' dir='ltr'>vilibus</span> <span class='ocrx_word' id='word_1_61' title='bbox 223 771 330 846; x_wconf 93' lang='lat' dir='ltr'>quibus</span> <span class='ocrx_word' id='word_1_62' title='bbox 349 774 375 828; x_wconf 88' lang='lat' dir='ltr'>P</span> <span class='ocrx_word' id='word_1_63' title='bbox 392 771 569 846; x_wconf 88' lang='lat' dir='ltr'>inquinatus</span> <span class='ocrx_word' id='word_1_64' title='bbox 592 773 646 844; x_wconf 86' lang='lat' dir='ltr'>est,</span> <span class='ocrx_word' id='word_1_65' title='bbox 669 770 832 829; x_wconf 87' lang='lat' dir='ltr'>sedetiam</span> <span class='ocrx_word' id='word_1_66' title='bbox 855 771 943 846; x_wconf 79' lang='lat' dir='ltr'>quod,</span> <span class='ocrx_word' id='word_1_67' title='bbox 967 772 1019 830; x_wconf 90' lang='lat' dir='ltr'>ubi</span> <span class='ocrx_word' id='word_1_68' title='bbox 1039 791 1106 847; x_wconf 91' lang='lat' dir='ltr'>pro-</span> 
     </span>
     <span class='ocr_line' id='line_1_8' title="bbox 85 859 973 936; baseline 0 -18"><span class='ocrx_word' id='word_1_69' title='bbox 85 863 186 935; x_wconf 82' lang='lat' dir='ltr'><strong>priam</strong></span> <span class='ocrx_word' id='word_1_70' title='bbox 209 859 366 918; x_wconf 87' lang='lat' dir='ltr'>lectionem</span> <span class='ocrx_word' id='word_1_71' title='bbox 389 859 521 936; x_wconf 87' lang='lat' dir='ltr'>praebet,</span> <span class='ocrx_word' id='word_1_72' title='bbox 544 859 662 935; x_wconf 83' lang='lat' dir='ltr'>saepius</span> <span class='ocrx_word' id='word_1_73' title='bbox 686 860 834 918; x_wconf 74' lang='lat' dir='ltr'><strong>consentit</strong></span> <span class='ocrx_word' id='word_1_74' title='bbox 857 879 924 918; x_wconf 89' lang='lat' dir='ltr'>cum</span> <span class='ocrx_word' id='word_1_75' title='bbox 947 882 973 918; x_wconf 86' lang='grc' dir='ltr'>α.</span> 
     </span>
    </p>

    <p class='ocr_par' dir='ltr' id='par_1_3' title="bbox 82 949 1107 1899">
     <span class='ocr_line' id='line_1_9' title="bbox 155 949 1107 1025; baseline 0.002 -19"><span class='ocrx_word' id='word_1_76' title='bbox 155 949 245 1007; x_wconf 80' lang='lat' dir='ltr'>Ratio</span> <span class='ocrx_word' id='word_1_77' title='bbox 277 967 346 1007; x_wconf 82' lang='lat' dir='ltr'>vero</span> <span class='ocrx_word' id='word_1_78' title='bbox 375 968 451 1025; x_wconf 90' lang='lat' dir='ltr'>quae</span> <span class='ocrx_word' id='word_1_79' title='bbox 483 950 563 1006; x_wconf 87' lang='lat' dir='ltr'>inter</span> <span class='ocrx_word' id='word_1_80' title='bbox 590 949 704 1007; x_wconf 87' lang='lat' dir='ltr'>codices</span> <span class='ocrx_word' id='word_1_81' title='bbox 732 949 867 1008; x_wconf 86' lang='lat' dir='ltr'>familiae</span> <span class='ocrx_word' id='word_1_82' title='bbox 894 971 914 1007; x_wconf 87' lang='grc' dir='ltr'><strong>α</strong></span> <span class='ocrx_word' id='word_1_83' title='bbox 941 950 1107 1009; x_wconf 74' lang='lat' dir='ltr'>intercedat</span> 
     </span>
     <span class='ocr_line' id='line_1_10' title="bbox 85 1037 1105 1114; baseline 0.001 -18"><span class='ocrx_word' id='word_1_84' title='bbox 85 1040 133 1096; x_wconf 92' lang='lat' dir='ltr'>est</span> <span class='ocrx_word' id='word_1_85' title='bbox 151 1039 237 1096; x_wconf 86' lang='lat' dir='ltr'>haec:</span> <span class='ocrx_word' id='word_1_86' title='bbox 253 1040 295 1096; x_wconf 88' lang='lat' dir='ltr'>ut</span> <span class='ocrx_word' id='word_1_87' title='bbox 317 1039 379 1095; x_wconf 83' lang='lat' dir='ltr'>iam</span> <span class='ocrx_word' id='word_1_88' title='bbox 399 1057 489 1114; x_wconf 89' lang='lat' dir='ltr'>supra</span> <span class='ocrx_word' id='word_1_89' title='bbox 508 1037 686 1112; x_wconf 88' lang='lat' dir='ltr'>monuimus,</span> <span class='ocrx_word' id='word_1_90' title='bbox 709 1037 801 1097; x_wconf 87' lang='lat' dir='ltr'>codex</span> <span class='ocrx_word' id='word_1_91' title='bbox 818 1043 850 1097; x_wconf 92' lang='lat' dir='ltr'><strong>V</strong></span> <span class='ocrx_word' id='word_1_92' title='bbox 868 1038 994 1097; x_wconf 89' lang='lat' dir='ltr'>debetur</span> <span class='ocrx_word' id='word_1_93' title='bbox 1016 1039 1105 1097; x_wconf 89' lang='lat' dir='ltr'>libra-</span> 
     </span>
     <span class='ocr_line' id='line_1_11' title="bbox 84 1126 1105 1203; baseline 0 -18"><span class='ocrx_word' id='word_1_94' title='bbox 84 1128 141 1186; x_wconf 90' lang='lat' dir='ltr'>riis</span> <span class='ocrx_word' id='word_1_95' title='bbox 165 1126 301 1186; x_wconf 86' lang='lat' dir='ltr'>doctrina</span> <span class='ocrx_word' id='word_1_96' title='bbox 324 1128 415 1202; x_wconf 86' lang='lat' dir='ltr'>atque</span> <span class='ocrx_word' id='word_1_97' title='bbox 441 1127 607 1185; x_wconf 86' lang='lat' dir='ltr'>eruditione</span> <span class='ocrx_word' id='word_1_98' title='bbox 630 1128 699 1202; x_wconf 93' lang='lat' dir='ltr'>plus</span> <span class='ocrx_word' id='word_1_99' title='bbox 727 1146 816 1203; x_wconf 91' lang='lat' dir='ltr'>quam</span> <span class='ocrx_word' id='word_1_100' title='bbox 840 1127 1029 1186; x_wconf 81' lang='lat' dir='ltr'>mediocriter</span> <span class='ocrx_word' id='word_1_101' title='bbox 1051 1128 1105 1186; x_wconf 92' lang='lat' dir='ltr'>im·</span> 
     </span>
     <span class='ocr_line' id='line_1_12' title="bbox 85 1216 1106 1293; baseline 0.002 -19"><span class='ocrx_word' id='word_1_102' title='bbox 85 1216 168 1275; x_wconf 83' lang='lat' dir='ltr'>bulis</span> <span class='ocrx_word' id='word_1_103' title='bbox 191 1217 244 1292; x_wconf 90' lang='lat' dir='ltr'>qui</span> <span class='ocrx_word' id='word_1_104' title='bbox 261 1235 454 1291; x_wconf 85' lang='lat' dir='ltr'>¹quamquam</span> <span class='ocrx_word' id='word_1_105' title='bbox 482 1235 567 1275; x_wconf 94' lang='lat' dir='ltr'>suum</span> <span class='ocrx_word' id='word_1_106' title='bbox 595 1234 658 1275; x_wconf 89' lang='lat' dir='ltr'>esse</span> <span class='ocrx_word' id='word_1_107' title='bbox 684 1217 894 1275; x_wconf 81' lang='lat' dir='ltr'>intellexerant</span> <span class='ocrx_word' id='word_1_108' title='bbox 920 1217 1034 1276; x_wconf 86' lang='lat' dir='ltr'>tradita</span> <span class='ocrx_word' id='word_1_109' title='bbox 1057 1220 1106 1293; x_wconf 91' lang='lat' dir='ltr'>pie</span> 
     </span>
     <span class='ocr_line' id='line_1_13' title="bbox 84 1303 1106 1382; baseline 0 -18"><span class='ocrx_word' id='word_1_110' title='bbox 84 1307 179 1380; x_wconf 87' lang='lat' dir='ltr'>atque</span> <span class='ocrx_word' id='word_1_111' title='bbox 201 1305 339 1382; x_wconf 81' lang='lat' dir='ltr'>religiose</span> <span class='ocrx_word' id='word_1_112' title='bbox 367 1324 498 1380; x_wconf 88' lang='lat' dir='ltr'>servare,</span> <span class='ocrx_word' id='word_1_113' title='bbox 527 1305 629 1364; x_wconf 86' lang='lat' dir='ltr'>tamen</span> <span class='ocrx_word' id='word_1_114' title='bbox 656 1303 763 1364; x_wconf 90' lang='lat' dir='ltr'>menda</span> <span class='ocrx_word' id='word_1_115' title='bbox 793 1305 900 1380; x_wconf 89' lang='lat' dir='ltr'>quibus</span> <span class='ocrx_word' id='word_1_116' title='bbox 923 1308 1038 1364; x_wconf 84' lang='lat' dir='ltr'>textum</span> <span class='ocrx_word' id='word_1_117' title='bbox 1060 1309 1106 1364; x_wconf 91' lang='lat' dir='ltr'>in-</span> 
     </span>
     <span class='ocr_line' id='line_1_14' title="bbox 82 1395 1104 1475; baseline 0.001 -24"><span class='ocrx_word' id='word_1_118' title='bbox 82 1395 246 1470; x_wconf 82' lang='lat' dir='ltr'>quinatum</span> <span class='ocrx_word' id='word_1_119' title='bbox 276 1397 464 1468; x_wconf 83' lang='lat' dir='ltr'>invenerant,</span> <span class='ocrx_word' id='word_1_120' title='bbox 498 1413 663 1472; x_wconf 88' lang='lat' dir='ltr'>propagare</span> <span class='ocrx_word' id='word_1_121' title='bbox 694 1395 855 1453; x_wconf 85' lang='lat' dir='ltr'>noluerunt</span> <span class='ocrx_word' id='word_1_122' title='bbox 890 1413 947 1469; x_wconf 92' lang='lat' dir='ltr'>quo</span> <span class='ocrx_word' id='word_1_123' title='bbox 972 1396 1104 1475; x_wconf 77' lang='lat' dir='ltr'>consilio</span> 
     </span>
     <span class='ocr_line' id='line_1_15' title="bbox 85 1483 1105 1559; baseline 0.003 -19"><span class='ocrx_word' id='word_1_124' title='bbox 85 1483 171 1541; x_wconf 91' lang='lat' dir='ltr'>ducti</span> <span class='ocrx_word' id='word_1_125' title='bbox 194 1483 304 1542; x_wconf 90' lang='lat' dir='ltr'>multos</span> <span class='ocrx_word' id='word_1_126' title='bbox 323 1483 444 1559; x_wconf 90' lang='lat' dir='ltr'>quidem</span> <span class='ocrx_word' id='word_1_127' title='bbox 463 1503 575 1543; x_wconf 89' lang='lat' dir='ltr'>errores</span> <span class='ocrx_word' id='word_1_128' title='bbox 598 1486 797 1557; x_wconf 86' lang='lat' dir='ltr'>correxerunt,</span> <span class='ocrx_word' id='word_1_129' title='bbox 821 1484 881 1543; x_wconf 89' lang='lat' dir='ltr'>alia</span> <span class='ocrx_word' id='word_1_130' title='bbox 906 1487 1014 1559; x_wconf 86' lang='lat' dir='ltr'>autem,</span> <span class='ocrx_word' id='word_1_131' title='bbox 1038 1504 1105 1543; x_wconf 92' lang='lat' dir='ltr'>cum</span> 
     </span>
     <span class='ocr_line' id='line_1_16' title="bbox 84 1572 1105 1650; baseline 0.006 -21"><span class='ocrx_word' id='word_1_132' title='bbox 84 1573 243 1632; x_wconf 87' lang='lat' dir='ltr'>nonsatis</span> <span class='ocrx_word' id='word_1_133' title='bbox 270 1572 401 1632; x_wconf 89' lang='lat' dir='ltr'>indolem</span> <span class='ocrx_word' id='word_1_134' title='bbox 427 1575 517 1648; x_wconf 88' lang='lat' dir='ltr'>atque</span> <span class='ocrx_word' id='word_1_135' title='bbox 544 1574 684 1631; x_wconf 88' lang='lat' dir='ltr'>naturam</span> <span class='ocrx_word' id='word_1_136' title='bbox 716 1574 831 1650; x_wconf 87' lang='lat' dir='ltr'>generis</span> <span class='ocrx_word' id='word_1_137' title='bbox 864 1573 982 1633; x_wconf 86' lang='lat' dir='ltr'>dicendi</span> <span class='ocrx_word' id='word_1_138' title='bbox 1009 1573 1105 1635; x_wconf 85' lang='lat' dir='ltr'>decla-¹</span> 
     </span>
     <span class='ocr_line' id='line_1_17' title="bbox 84 1661 1105 1738; baseline 0.002 -19"><span class='ocrx_word' id='word_1_139' title='bbox 84 1664 253 1720; x_wconf 89' lang='lat' dir='ltr'>mationum</span> <span class='ocrx_word' id='word_1_140' title='bbox 275 1663 391 1738; x_wconf 89' lang='lat' dir='ltr'>proprii</span> <span class='ocrx_word' id='word_1_141' title='bbox 415 1663 640 1737; x_wconf 80' lang='lat' dir='ltr'>perspexissent,</span> <span class='ocrx_word' id='word_1_142' title='bbox 665 1661 802 1737; x_wconf 87' lang='lat' dir='ltr'>perducti</span> <span class='ocrx_word' id='word_1_143' title='bbox 825 1662 901 1720; x_wconf 88' lang='lat' dir='ltr'>falso</span> <span class='ocrx_word' id='word_1_144' title='bbox 926 1662 1105 1732; x_wconf 83' lang='lat' dir='ltr'>Quintiliani</span> 
     </span>
     <span class='ocr_line' id='line_1_18' title="bbox 84 1750 1104 1828; baseline 0.002 -20"><span class='ocrx_word' id='word_1_145' title='bbox 84 1752 219 1825; x_wconf 87' lang='lat' dir='ltr'>nomine,</span> <span class='ocrx_word' id='word_1_146' title='bbox 241 1753 276 1808; x_wconf 90' lang='lat' dir='ltr'>ut</span> <span class='ocrx_word' id='word_1_147' title='bbox 298 1750 426 1824; x_wconf 84' lang='lat' dir='ltr'>videtur,</span> <span class='ocrx_word' id='word_1_148' title='bbox 449 1751 488 1809; x_wconf 89' lang='lat' dir='ltr'>ad</span> <span class='ocrx_word' id='word_1_149' title='bbox 510 1770 646 1810; x_wconf 90' lang='lat' dir='ltr'>normam</span> <span class='ocrx_word' id='word_1_150' title='bbox 669 1751 859 1828; x_wconf 85' lang='lat' dir='ltr'>elegantioris</span> <span class='ocrx_word' id='word_1_151' title='bbox 883 1751 1025 1810; x_wconf 88' lang='lat' dir='ltr'>sermonis</span> <span class='ocrx_word' id='word_1_152' title='bbox 1049 1754 1104 1810; x_wconf 94' lang='lat' dir='ltr'>im·</span> 
     </span>
     <span class='ocr_line' id='line_1_19' title="bbox 83 1842 285 1899; baseline 0.005 -2"><span class='ocrx_word' id='word_1_153' title='bbox 83 1842 285 1899; x_wconf 80' lang='lat' dir='ltr'>mutavenmt.</span> 
     </span>
    </p>

    <p class='ocr_par' dir='ltr' id='par_1_4' title="bbox 80 1929 1104 2629">
     <span class='ocr_line' id='line_1_20' title="bbox 152 1929 1104 2007; baseline 0.002 -21"><span class='ocrx_word' id='word_1_154' title='bbox 152 1929 447 2004; x_wconf 89' lang='lat' dir='ltr'>Montepessulanum</span> <span class='ocrx_word' id='word_1_155' title='bbox 463 1930 562 1987; x_wconf 89' lang='lat' dir='ltr'>autem</span> <span class='ocrx_word' id='word_1_156' title='bbox 582 1930 731 1987; x_wconf 89' lang='lat' dir='ltr'>communi</span> <span class='ocrx_word' id='word_1_157' title='bbox 745 1929 860 2007; x_wconf 83' lang='lat' dir='ltr'>origine</span> <span class='ocrx_word' id='word_1_158' title='bbox 873 1929 919 1987; x_wconf 90' lang='lat' dir='ltr'>uti</span> <span class='ocrx_word' id='word_1_159' title='bbox 933 1948 1001 1988; x_wconf 92' lang='lat' dir='ltr'>cum</span> <span class='ocrx_word' id='word_1_160' title='bbox 1016 1929 1104 1988; x_wconf 91' lang='lat' dir='ltr'>Bam-</span> 
     </span>
     <span class='ocr_line' id='line_1_21' title="bbox 82 2017 1103 2095; baseline 0.002 -19"><span class='ocrx_word' id='word_1_161' title='bbox 82 2018 223 2095; x_wconf 87' lang='lat' dir='ltr'>bergensi</span> <span class='ocrx_word' id='word_1_162' title='bbox 240 2017 386 2093; x_wconf 90' lang='lat' dir='ltr'>probatur</span> <span class='ocrx_word' id='word_1_163' title='bbox 403 2019 506 2076; x_wconf 91' lang='lat' dir='ltr'>multis</span> <span class='ocrx_word' id='word_1_164' title='bbox 520 2017 697 2077; x_wconf 91' lang='lat' dir='ltr'>lectionibus</span> <span class='ocrx_word' id='word_1_165' title='bbox 717 2036 793 2093; x_wconf 87' lang='lat' dir='ltr'>quae</span> <span class='ocrx_word' id='word_1_166' title='bbox 813 2018 929 2077; x_wconf 90' lang='lat' dir='ltr'>duobus</span> <span class='ocrx_word' id='word_1_167' title='bbox 943 2019 1005 2078; x_wconf 93' lang='lat' dir='ltr'>illis</span> <span class='ocrx_word' id='word_1_168' title='bbox 1019 2019 1103 2078; x_wconf 91' lang='lat' dir='ltr'>libris</span> 
     </span>
     <span class='ocr_line' id='line_1_22' title="bbox 84 2100 1102 2187; baseline 0.002 -22"><span class='ocrx_word' id='word_1_169' title='bbox 84 2107 187 2182; x_wconf 86' lang='lat' dir='ltr'>eisque</span> <span class='ocrx_word' id='word_1_170' title='bbox 205 2107 275 2166; x_wconf 89' lang='lat' dir='ltr'>solis</span> <span class='ocrx_word' id='word_1_171' title='bbox 292 2125 461 2166; x_wconf 91' lang='lat' dir='ltr'>communes</span> <span class='ocrx_word' id='word_1_172' title='bbox 476 2100 582 2187; x_wconf 86' lang='lat' dir='ltr'>sunt.¹)</span> <span class='ocrx_word' id='word_1_173' title='bbox 607 2126 674 2166; x_wconf 90' lang='lat' dir='ltr'>cum</span> <span class='ocrx_word' id='word_1_174' title='bbox 687 2110 787 2166; x_wconf 89' lang='lat' dir='ltr'>autem</span> <span class='ocrx_word' id='word_1_175' title='bbox 802 2108 849 2166; x_wconf 90' lang='lat' dir='ltr'>vir</span> <span class='ocrx_word' id='word_1_176' title='bbox 861 2107 985 2183; x_wconf 85' lang='lat' dir='ltr'>quidam</span> <span class='ocrx_word' id='word_1_177' title='bbox 1000 2107 1102 2168; x_wconf 91' lang='lat' dir='ltr'>doctus</span> 
     </span>
     <span class='ocr_line' id='line_1_23' title="bbox 81 2188 1102 2275; baseline 0.003 -22"><span class='ocrx_word' id='word_1_178' title='bbox 81 2196 153 2254; x_wconf 85' lang='grc'><strong>11111</strong></span> <span class='ocrx_word' id='word_1_179' title='bbox 183 2195 333 2255; x_wconf 88' lang='lat' dir='ltr'>codicibus</span> <span class='ocrx_word' id='word_1_180' title='bbox 356 2188 508 2275; x_wconf 74' lang='lat' dir='ltr'>adiutus²)</span> <span class='ocrx_word' id='word_1_181' title='bbox 539 2199 570 2254; x_wconf 91' lang='lat' dir='ltr'>et</span> <span class='ocrx_word' id='word_1_182' title='bbox 600 2215 652 2255; x_wconf 91' lang='lat' dir='ltr'>suo</span> <span class='ocrx_word' id='word_1_183' title='bbox 676 2196 810 2254; x_wconf 89' lang='lat' dir='ltr'>acumine</span> <span class='ocrx_word' id='word_1_184' title='bbox 840 2199 872 2253; x_wconf 91' lang='lat' dir='ltr'>in</span> <span class='ocrx_word' id='word_1_185' title='bbox 902 2197 1102 2256; x_wconf 86' lang='lat' dir='ltr'>emaculandis</span> 
     </span>
     <span class='ocr_line' id='line_1_24' title="bbox 83 2284 1102 2361; baseline 0.002 -18"><span class='ocrx_word' id='word_1_186' title='bbox 83 2286 168 2343; x_wconf 87' lang='lat' dir='ltr'>vitiis</span> <span class='ocrx_word' id='word_1_187' title='bbox 190 2285 284 2344; x_wconf 88' lang='lat' dir='ltr'>fretus</span> <span class='ocrx_word' id='word_1_188' title='bbox 307 2286 422 2344; x_wconf 86' lang='lat' dir='ltr'>textum</span> <span class='ocrx_word' id='word_1_189' title='bbox 449 2286 531 2344; x_wconf 90' lang='lat' dir='ltr'>illius</span> <span class='ocrx_word' id='word_1_190' title='bbox 560 2286 749 2361; x_wconf 86' lang='lat' dir='ltr'>exemplaris,</span> <span class='ocrx_word' id='word_1_191' title='bbox 776 2284 856 2343; x_wconf 88' lang='lat' dir='ltr'>unde</span> <span class='ocrx_word' id='word_1_192' title='bbox 879 2290 915 2344; x_wconf 82' lang='grc' dir='ltr'>Μ</span> <span class='ocrx_word' id='word_1_193' title='bbox 938 2284 1102 2361; x_wconf 90' lang='lat' dir='ltr'>descriptus</span> 
     </span>
     <span class='ocr_line' id='line_1_25' title="bbox 80 2374 1102 2450; baseline 0.001 -18"><span class='ocrx_word' id='word_1_194' title='bbox 80 2377 130 2433; x_wconf 90' lang='lat' dir='ltr'>est</span> <span class='ocrx_word' id='word_1_195' title='bbox 159 2377 336 2449; x_wconf 85' lang='lat' dir='ltr'>recenseret,</span> <span class='ocrx_word' id='word_1_196' title='bbox 367 2374 529 2433; x_wconf 90' lang='lat' dir='ltr'>auctoritas</span> <span class='ocrx_word' id='word_1_197' title='bbox 559 2374 668 2434; x_wconf 85' lang='lat' dir='ltr'>codicis</span> <span class='ocrx_word' id='word_1_198' title='bbox 697 2375 888 2449; x_wconf 86' lang='lat' dir='ltr'>pessumdata</span> <span class='ocrx_word' id='word_1_199' title='bbox 918 2377 976 2448; x_wconf 81' lang='lat' dir='ltr'>est,</span> <span class='ocrx_word' id='word_1_200' title='bbox 1005 2394 1102 2450; x_wconf 90' lang='lat' dir='ltr'>neque</span> 
     </span>
     <span class='ocr_line' id='line_1_26' title="bbox 82 2464 1103 2539; baseline 0.002 -19"><span class='ocrx_word' id='word_1_201' title='bbox 82 2467 184 2521; x_wconf 90' lang='lat' dir='ltr'>tamen</span> <span class='ocrx_word' id='word_1_202' title='bbox 199 2481 320 2538; x_wconf 87' lang='lat' dir='ltr'>prorsus</span> <span class='ocrx_word' id='word_1_203' title='bbox 334 2464 451 2522; x_wconf 88' lang='lat' dir='ltr'>inutilis</span> <span class='ocrx_word' id='word_1_204' title='bbox 465 2464 676 2537; x_wconf 83' lang='lat' dir='ltr'>mihividetur,</span> <span class='ocrx_word' id='word_1_205' title='bbox 690 2483 758 2522; x_wconf 90' lang='lat' dir='ltr'>cum</span> <span class='ocrx_word' id='word_1_206' title='bbox 771 2464 947 2522; x_wconf 86' lang='lat' dir='ltr'>facultatem</span> <span class='ocrx_word' id='word_1_207' title='bbox 960 2464 1103 2539; x_wconf 87' lang='lat' dir='ltr'>praebeat</span> 
     </span>
     <span class='ocr_line' id='line_1_27' title="bbox 80 2552 1100 2629; baseline 0.001 -20"><span class='ocrx_word' id='word_1_208' title='bbox 80 2570 220 2610; x_wconf 87' lang='lat' dir='ltr'>unacum</span> <span class='ocrx_word' id='word_1_209' title='bbox 229 2556 256 2610; x_wconf 89' lang='lat' dir='ltr'>B</span> <span class='ocrx_word' id='word_1_210' title='bbox 269 2552 475 2628; x_wconf 86' lang='lat' dir='ltr'>perspiciendi,</span> <span class='ocrx_word' id='word_1_211' title='bbox 490 2572 525 2610; x_wconf 84' lang='lat' dir='ltr'>ex</span> <span class='ocrx_word' id='word_1_212' title='bbox 540 2553 623 2628; x_wconf 88' lang='lat' dir='ltr'>quali</span> <span class='ocrx_word' id='word_1_213' title='bbox 638 2552 798 2629; x_wconf 80' lang='lat' dir='ltr'>archetypo</span> <span class='ocrx_word' id='word_1_214' title='bbox 813 2552 930 2610; x_wconf 86' lang='lat' dir='ltr'>familia</span> <span class='ocrx_word' id='word_1_215' title='bbox 944 2575 963 2611; x_wconf 87' lang='grc' dir='ltr'><em>α</em></span> <span class='ocrx_word' id='word_1_216' title='bbox 977 2556 1043 2611; x_wconf 89' lang='lat' dir='ltr'>orta</span> <span class='ocrx_word' id='word_1_217' title='bbox 1054 2553 1100 2611; x_wconf 90' lang='lat' dir='ltr'>sit.</span> 
     </span>
    </p>

    <p class='ocr_par' dir='ltr' id='par_1_5' title="bbox 76 2641 1102 3255">
     <span class='ocr_line' id='line_1_28' title="bbox 151 2641 1101 2718; baseline 0.002 -19"><span class='ocrx_word' id='word_1_218' title='bbox 151 2641 257 2700; x_wconf 84' lang='lat' dir='ltr'>Restat</span> <span class='ocrx_word' id='word_1_219' title='bbox 274 2645 301 2699; x_wconf 89' lang='lat' dir='ltr'>B</span> <span class='ocrx_word' id='word_1_220' title='bbox 321 2641 373 2718; x_wconf 90' lang='lat' dir='ltr'>qui</span> <span class='ocrx_word' id='word_1_221' title='bbox 390 2661 486 2717; x_wconf 91' lang='lat' dir='ltr'>neque</span> <span class='ocrx_word' id='word_1_222' title='bbox 504 2643 706 2700; x_wconf 85' lang='lat' dir='ltr'>recensionem</span> <span class='ocrx_word' id='word_1_223' title='bbox 726 2660 831 2717; x_wconf 90' lang='lat' dir='ltr'>passus</span> <span class='ocrx_word' id='word_1_224' title='bbox 850 2661 945 2716; x_wconf 91' lang='lat' dir='ltr'>neque</span> <span class='ocrx_word' id='word_1_225' title='bbox 965 2661 983 2701; x_wconf 90' lang='lat' dir='ltr'>a</span> <span class='ocrx_word' id='word_1_226' title='bbox 1006 2642 1101 2701; x_wconf 87' lang='lat' dir='ltr'>doctis</span> 
     </span>
     <span class='ocr_line' id='line_1_29' title="bbox 79 2730 1101 2805; baseline 0.002 -17"><span class='ocrx_word' id='word_1_227' title='bbox 79 2730 215 2788; x_wconf 85' lang='lat' dir='ltr'>librariis</span> <span class='ocrx_word' id='word_1_228' title='bbox 239 2733 377 2789; x_wconf 82' lang='lat' dir='ltr'>exaratus</span> <span class='ocrx_word' id='word_1_229' title='bbox 401 2733 454 2805; x_wconf 87' lang='grc'><strong>111,</strong></span> <span class='ocrx_word' id='word_1_230' title='bbox 478 2731 522 2788; x_wconf 90' lang='grc'>111</span> <span class='ocrx_word' id='word_1_231' title='bbox 544 2733 581 2789; x_wconf 92' lang='lat' dir='ltr'>ut</span> <span class='ocrx_word' id='word_1_232' title='bbox 602 2732 652 2790; x_wconf 88' lang='lat' dir='ltr'>vel</span> <span class='ocrx_word' id='word_1_233' title='bbox 674 2730 742 2789; x_wconf 90' lang='lat' dir='ltr'>inde</span> <span class='ocrx_word' id='word_1_234' title='bbox 766 2734 898 2790; x_wconf 87' lang='lat' dir='ltr'>conicere</span> <span class='ocrx_word' id='word_1_235' title='bbox 921 2731 1010 2790; x_wconf 89' lang='lat' dir='ltr'>liceat</span> <span class='ocrx_word' id='word_1_236' title='bbox 1034 2751 1101 2790; x_wconf 91' lang='lat' dir='ltr'>eum</span> 
     </span>
     <span class='ocr_line' id='line_1_30' title="bbox 81 2819 1100 2895; baseline 0 -17"><span class='ocrx_word' id='word_1_237' title='bbox 81 2821 231 2894; x_wconf 88' lang='lat' dir='ltr'>optimum</span> <span class='ocrx_word' id='word_1_238' title='bbox 250 2837 312 2878; x_wconf 85' lang='lat' dir='ltr'>esse</span> <span class='ocrx_word' id='word_1_239' title='bbox 330 2820 445 2879; x_wconf 88' lang='lat' dir='ltr'>fontem</span> <span class='ocrx_word' id='word_1_240' title='bbox 463 2839 497 2878; x_wconf 87' lang='lat' dir='ltr'>ex</span> <span class='ocrx_word' id='word_1_241' title='bbox 518 2839 575 2894; x_wconf 91' lang='lat' dir='ltr'>quo</span> <span class='ocrx_word' id='word_1_242' title='bbox 597 2819 778 2878; x_wconf 89' lang='lat' dir='ltr'>hauriamus.</span> <span class='ocrx_word' id='word_1_243' title='bbox 820 2839 917 2894; x_wconf 91' lang='lat' dir='ltr'>neque</span> <span class='ocrx_word' id='word_1_244' title='bbox 937 2821 1011 2878; x_wconf 92' lang='lat' dir='ltr'>haec</span> <span class='ocrx_word' id='word_1_245' title='bbox 1035 2839 1100 2895; x_wconf 88' lang='lat' dir='ltr'>spes</span> 
     </span>
     <span class='ocr_line' id='line_1_31' title="bbox 80 2907 1102 2985; baseline 0.002 -19"><span class='ocrx_word' id='word_1_246' title='bbox 80 2927 137 2966; x_wconf 88' lang='lat' dir='ltr'>nos</span> <span class='ocrx_word' id='word_1_247' title='bbox 163 2907 280 2967; x_wconf 87' lang='lat' dir='ltr'>fefellit.</span> <span class='ocrx_word' id='word_1_248' title='bbox 322 2928 393 2967; x_wconf 91' lang='lat' dir='ltr'>nam</span> <span class='ocrx_word' id='word_1_249' title='bbox 419 2908 535 2967; x_wconf 87' lang='lat' dir='ltr'>librarii</span> <span class='ocrx_word' id='word_1_250' title='bbox 561 2909 689 2984; x_wconf 87' lang='lat' dir='ltr'>indocti,</span> <span class='ocrx_word' id='word_1_251' title='bbox 717 2927 898 2985; x_wconf 89' lang='lat' dir='ltr'>quamquam</span> <span class='ocrx_word' id='word_1_252' title='bbox 928 2929 987 2985; x_wconf 92' lang='lat' dir='ltr'>quo</span> <span class='ocrx_word' id='word_1_253' title='bbox 1016 2912 1102 2968; x_wconf 90' lang='lat' dir='ltr'>erant</span> 
     </span>
     <span class='ocr_line' id='line_1_32' title="bbox 79 2997 1100 3074; baseline 0.002 -19"><span class='ocrx_word' id='word_1_254' title='bbox 79 2998 204 3074; x_wconf 87' lang='lat' dir='ltr'>ingenio</span> <span class='ocrx_word' id='word_1_255' title='bbox 231 2997 331 3072; x_wconf 87' lang='lat' dir='ltr'>tardo,</span> <span class='ocrx_word' id='word_1_256' title='bbox 359 2999 454 3056; x_wconf 87' lang='lat' dir='ltr'>multa</span> <span class='ocrx_word' id='word_1_257' title='bbox 482 3001 679 3074; x_wconf 88' lang='lat' dir='ltr'>peccaverunt</span> <span class='ocrx_word' id='word_1_258' title='bbox 706 2999 860 3073; x_wconf 91' lang='lat' dir='ltr'>multaque</span> <span class='ocrx_word' id='word_1_259' title='bbox 888 3000 995 3056; x_wconf 89' lang='lat' dir='ltr'>menda</span> <span class='ocrx_word' id='word_1_260' title='bbox 1024 3017 1100 3073; x_wconf 90' lang='lat' dir='ltr'>quae</span> 
     </span>
     <span class='ocr_line' id='line_1_33' title="bbox 76 3074 1100 3164; baseline -0.001 -18"><span class='ocrx_word' id='word_1_261' title='bbox 76 3074 237 3164; x_wconf 83' lang='lat' dir='ltr'>corrigere</span> <span class='ocrx_word' id='word_1_262' title='bbox 255 3087 433 3146; x_wconf 84' lang='lat' dir='ltr'>facillimum</span> <span class='ocrx_word' id='word_1_263' title='bbox 456 3089 532 3162; x_wconf 80' lang='lat' dir='ltr'>erat,</span> <span class='ocrx_word' id='word_1_264' title='bbox 561 3087 598 3145; x_wconf 90' lang='lat' dir='ltr'>ab</span> <span class='ocrx_word' id='word_1_265' title='bbox 624 3087 787 3164; x_wconf 83' lang='lat' dir='ltr'>exemplari</span> <span class='ocrx_word' id='word_1_266' title='bbox 813 3088 1044 3162; x_wconf 76' lang='lat' dir='ltr'>transtulerunt,</span> <span class='ocrx_word' id='word_1_267' title='bbox 1068 3088 1100 3145; x_wconf 94' lang='lat' dir='ltr'>id</span> 
     </span>
     <span class='ocr_line' id='line_1_34' title="bbox 76 3175 1100 3255; baseline 0.001 -22"><span class='ocrx_word' id='word_1_268' title='bbox 76 3175 162 3252; x_wconf 89' lang='lat' dir='ltr'>quod</span> <span class='ocrx_word' id='word_1_269' title='bbox 184 3177 284 3250; x_wconf 89' lang='lat' dir='ltr'>ipsum</span> <span class='ocrx_word' id='word_1_270' title='bbox 306 3177 388 3234; x_wconf 90' lang='lat' dir='ltr'>haud</span> <span class='ocrx_word' id='word_1_271' title='bbox 414 3194 483 3235; x_wconf 91' lang='lat' dir='ltr'>raro</span> <span class='ocrx_word' id='word_1_272' title='bbox 497 3177 673 3255; x_wconf 32' lang='lat' dir='ltr'>&#39;plurimum</span> <span class='ocrx_word' id='word_1_273' title='bbox 700 3178 781 3236; x_wconf 89' lang='lat' dir='ltr'>valet</span> <span class='ocrx_word' id='word_1_274' title='bbox 809 3176 846 3235; x_wconf 92' lang='lat' dir='ltr'>ad</span> <span class='ocrx_word' id='word_1_275' title='bbox 875 3176 1030 3252; x_wconf 79' lang='lat' dir='ltr'>archetypi</span> <span class='ocrx_word' id='word_1_276' title='bbox 1052 3196 1100 3235; x_wconf 94' lang='lat' dir='ltr'>ra-</span> 
     </span>
    </p>
   </div>
   <div class='ocr_carea' id='block_1_3' title="bbox 153 3346 1102 3451">
    <p class='ocr_par' dir='ltr' id='par_1_6' title="bbox 153 3346 1102 3451">
     <span class='ocr_line' id='line_1_35' title="bbox 153 3346 1102 3451; baseline -0.002 -16"><span class='ocrx_word' id='word_1_277' title='bbox 153 3384 180 3451; x_wconf 93' lang='lat'>1)</span> <span class='ocrx_word' id='word_1_278' title='bbox 198 3346 274 3436; x_wconf 84' lang='lat' dir='ltr'>inter</span> <span class='ocrx_word' id='word_1_279' title='bbox 296 3397 365 3451; x_wconf 82' lang='lat' dir='ltr'>quas</span> <span class='ocrx_word' id='word_1_280' title='bbox 389 3381 475 3435; x_wconf 88' lang='lat' dir='ltr'>etiam</span> <span class='ocrx_word' id='word_1_281' title='bbox 498 3397 578 3435; x_wconf 88' lang='lat' dir='ltr'>voces</span> <span class='ocrx_word' id='word_1_282' title='bbox 601 3381 674 3435; x_wconf 88' lang='lat' dir='ltr'>falso</span> <span class='ocrx_word' id='word_1_283' title='bbox 698 3381 863 3436; x_wconf 87' lang='lat' dir='ltr'>coniunctae</span> <span class='ocrx_word' id='word_1_284' title='bbox 887 3384 916 3435; x_wconf 87' lang='lat' dir='ltr'>et</span> <span class='ocrx_word' id='word_1_285' title='bbox 938 3381 1045 3436; x_wconf 83' lang='lat' dir='ltr'>formae</span> <span class='ocrx_word' id='word_1_286' title='bbox 1065 3399 1102 3436; x_wconf 79' lang='grc'>11</span> 
     </span>
    </p>
   </div>
   <div class='ocr_carea' id='block_1_4' title="bbox 76 3452 493 3595">
    <p class='ocr_par' dir='ltr' id='par_1_7' title="bbox 76 3452 493 3595">
     <span class='ocr_line' id='line_1_36' title="bbox 76 3452 493 3524; baseline 0 -18"><span class='ocrx_word' id='word_1_287' title='bbox 76 3469 208 3508; x_wconf 87' lang='lat' dir='ltr'>sermone</span> <span class='ocrx_word' id='word_1_288' title='bbox 226 3452 337 3524; x_wconf 85' lang='lat' dir='ltr'>vulgari</span> <span class='ocrx_word' id='word_1_289' title='bbox 355 3455 493 3521; x_wconf 82' lang='lat' dir='ltr'>sumptae.</span> 
     </span>
     <span class='ocr_line' id='line_1_37' title="bbox 152 3523 372 3595; baseline 0 -17"><span class='ocrx_word' id='word_1_290' title='bbox 152 3527 179 3595; x_wconf 89' lang='lat'>2)</span> <span class='ocrx_word' id='word_1_291' title='bbox 199 3524 234 3578; x_wconf 86' lang='grc'>11.</span> <span class='ocrx_word' id='word_1_292' title='bbox 248 3542 276 3594; x_wconf 86' lang='lat' dir='ltr'>p.</span> <span class='ocrx_word' id='word_1_293' title='bbox 292 3523 372 3578; x_wconf 81' lang='lat' dir='ltr'>XXII.</span> 
     </span>
    </p>
   </div>
   <div class='ocr_carea' id='block_1_5' title="bbox 128 3620 975 3677">
    <p class='ocr_par' dir='ltr' id='par_1_8' title="bbox 128 3620 975 3677">
     <span class='ocr_line' id='line_1_38' title="bbox 128 3620 975 3677; baseline 0.034 -20"><span class='ocrx_word' id='word_1_294' title='bbox 128 3623 283 3670; x_wconf 72' lang='lat' dir='ltr'>emmam</span> <span class='ocrx_word' id='word_1_295' title='bbox 293 3621 503 3668; x_wconf 70' lang='lat' dir='ltr'>Drommrorrns</span> <span class='ocrx_word' id='word_1_296' title='bbox 517 3629 555 3670; x_wconf 84' lang='lat' dir='ltr'>ed.</span> <span class='ocrx_word' id='word_1_297' title='bbox 567 3630 715 3677; x_wconf 80' lang='lat' dir='ltr'>Lehnert.</span> <span class='ocrx_word' id='word_1_298' title='bbox 949 3620 975 3675; x_wconf 64' lang='lat' dir='ltr'>l)</span> 
     </span>
    </p>
   </div>
   <div class='ocr_carea' id='block_1_6' title="bbox 0 0 1208 3840">
    <p class='ocr_par' dir='ltr' id='par_1_9' title="bbox 0 0 1208 3840">
     <span class='ocr_line' id='line_1_39' title="bbox 0 0 1208 3840; baseline 0 3"><span class='ocrx_word' id='word_1_299' title='bbox 0 0 1208 3840; x_wconf 95' lang='lat' dir='ltr'> </span> 
     </span>
    </p>
   </div>
  </div>
 </body>
</html>
