2408 3840
410 92 644 192 DECLAMATiO
663 137 689 191 H
704 143 806 192 10-11
1072 137 1114 202 29

105 326 171 384 quo,
193 325 249 382 per
271 306 367 383 fidem,
391 307 513 367 divitias
530 308 640 382 iuveni,
665 306 745 383 apud
763 326 851 382 quern
870 307 1002 365 omnium
1019 327 1117 367 rerum

107 396 261 455 diversitas
284 394 384 472 perit?
419 396 581 456 circumdes
600 397 671 455 licet
688 396 764 454 hanc
785 395 971 454 debilitatem
993 396 1118 473 fulgore,

106 485 228 560 divitiis,
252 504 338 545 caeco
360 488 461 544 tamen
484 488 555 544 tunc
573 486 669 562 magis
694 488 802 544 cuncta
823 483 938 559 desunt,
961 503 1026 543 curn
1051 504 1118 544 con·
1149 494 1152 500 ’

103 574 249 652 tigernnt,
271 594 325 634 nec
346 573 482 633 invenias
505 575 690 633 debilitatem
714 573 761 632 cui
783 576 880 651 magis
903 592 970 632 cum
992 592 1118 650 pauper-

77 666 166 723 state
191 665 358 723 conveniat.
394 663 482 722 homo
505 663 536 722 in
559 664 669 723 honore
692 665 849 739 parentum
871 665 1043 722 excaecatus
1065 682 1118 739 pa·

102 753 247 813 trimonio
271 753 325 812 sub
348 755 433 829 patre
456 753 563 811 melius
586 754 695 811 utetur.

171 841 213 900 Et
243 841 324 917 quod
355 860 408 918 per
438 842 527 900 fidem
556 841 711 918 parricidii
737 860 830 918 genus
859 841 978 899 iuvenis
1008 839 1120 917 elegit?
1134 844 1170 899 11

103 950 262 1006 venenum,
285 932 393 1006 inquit,
416 933 543 1006 paravit.
581 949 633 989 cur
655 930 826 1007 perfidem,
850 931 876 990 si
899 929 1010 989 sufficit
1032 931 1120 1004 ferro,

104 1020 222 1078 facinus
250 1020 424 1097 adgreditur
451 1021 499 1079 cui
527 1019 666 1078 adhibere
694 1021 855 1094 conscium,
888 1021 938 1078 cui
968 1021 1119 1095 praestare

64 1109 214 1168 redebeat
234 1111 413 1184 ministrum,
438 1127 505 1168 cum
525 1111 621 1167 maius
639 1108 747 1166 habere
770 1109 865 1185 possit
882 1108 914 1166 in
933 1108 1034 1185 gladio
1052 1128 1120 1184 par-

104 1197 201 1258 ricida
224 1197 390 1258 secretum?
426 1218 464 1257 an
486 1200 591 1274 postea
612 1199 715 1256 iuveni
737 1198 883 1257 succurrit
906 1198 978 1272 quid
1000 1199 1121 1274 possent

105 1287 204 1346 faeere
231 1306 350 1361 manus,
378 1289 409 1346 et
435 1306 466 1346 se
494 1289 572 1346 circa
599 1306 745 1346 venenum
773 1286 954 1362 deprebensa
982 1286 1120 1345 debilitas

106 1377 231 1454 collegit
252 1377 284 1434 in
307 1374 407 1435 vires?
442 1395 538 1452 nemo,
560 1375 681 1453 iudices,
704 1394 790 1435 nemo
813 1377 909 1434 nescit
931 1376 1121 1451 quemadmo-

106 1466 180 1524 dum
209 1467 305 1541 possit
335 1465 474 1524 occidere.
519 1465 680 1541 intellexit,
711 1465 838 1540 iudices,
869 1483 996 1524 noverca
1029 1483 1122 1541 quarn

66 1575 92 1614 1⁵
106 1555 281 1614 incredibile
315 1556 405 1629 esset,
436 1557 471 1614 ut
501 1555 653 1613 videretur
684 1571 787 1612 caecus
818 1572 939 1629 parasse
966 1573 1120 1620 venenum.

106 1646 204 1722 igitur
226 1643 335 1704 adiecit
352 1646 531 1720 temptatam
549 1662 588 1719 se,
611 1646 646 1701 ut
663 1643 740 1702 illud
757 1644 824 1719 ipsa
842 1644 1014 1721 porrigeret.
1053 1643 1121 1701 date

106 1754 162 1811 per
189 1732 290 1807 fidem,
321 1733 446 1807 iudices,
473 1734 605 1792 invenite
631 1733 735 1791 verba:
768 1734 879 1791 secreto
908 1733 1064 1809 privignus
1092 1734 1122 1791 et

107 1841 236 1882 noverca
259 1821 294 1881 de
317 1822 477 1898 parricidio
500 1823 648 1881 locuntur.
684 1822 729 1880 ita
752 1840 782 1880 se
805 1841 865 1880 non
886 1824 976 1897 putat
996 1823 1121 1897 uterque

109 1910 272 1987 temptari?
317 1912 388 1986 quid
420 1911 534 1986 dicitis,
564 1909 700 1970 iudices?
743 1911 897 1970 nullumne
929 1912 993 1969 tota
1026 1910 1121 1986 dome,

55 2020 94 2060 -so
109 2001 190 2076 quod
214 2003 422 2077 corrumperet,
445 2000 527 2060 aliud
549 1999 698 2077 parricida
720 2002 823 2076 pectus
844 1999 981 2060 invenit?
1012 2000 1121 2060 diffici-

107 2092 169 2149 lius
191 2089 247 2148 hoc
271 2088 371 2149 credas
396 2108 552 2163 novercae,
580 2090 658 2148 site
682 2108 700 2147 a
722 2090 805 2148 nullo
829 2089 888 2148 alio
916 2092 1002 2165 putes
1029 2090 1122 2165 impe-

107 2182 268 2238 traturum.
313 2198 373 2237 non
397 2197 466 2256 ergo
489 2178 605 2238 invenis
629 2178 723 2237 credit
743 2178 800 2238 hoc
824 2197 924 2238 omnes
947 2177 1030 2253 loqui
1055 2197 1121 2236 curn

108 2266 217 2345 patre?
240 2268 372 2326 omniurn
389 2267 604 2327 blanditiarum
620 2269 752 2344 primum
771 2286 833 2326 esse
852 2265 1039 2327 sermonem?
1070 2286 1121 2325 no·

108 2443 323 2452 -—-

185 2585 199 2632 1
219 2597 286 2649 quo:
307 2588 411 2648 quesn
486 2585 502 2632 e
522 2579 641 2633 nucis:
662 2579 768 2632 asuerus
785 2587 807 2630 r
878 2584 895 2632 4
915 2544 1070 2633 neentis

110 2668 176 2706 eum
194 2652 361 2720 paupertate
380 2651 472 2720 magis
495 2664 510 2716 s
582 2652 732 2705 thonore:
751 2649 884 2703 honorem
905 2651 1074 2705 Gelbertiaus
1093 2661 1122 2716 ες

109 2723 157 2777 bie
173 2723 322 2777 0100100110
339 2723 438 2789 folium
456 2722 487 2776 ire
505 2731 526 2775 s
599 2727 613 2775 1
632 2737 683 2790 per
701 2739 734 2776 ex
751 2721 794 2775 fer
812 2731 840 2774 B
910 2728 926 2775 9
946 2721 1122 2791 adgreditur:

110 2793 151 2848 ad
168 2794 200 2846 tn
217 2793 414 2864 rampoaldo
482 2810 557 2847 cnm:
578 2793 671 2860 cui-1,
690 2805 783 2848 eorm
857 2793 1012 2846 remeius:
1032 2792 1123 2862 magis
1153 2806 1157 2819 '

113 2874 160 2918 VJ
174 2867 251 2935 (corr.
267 2867 302 2934 s),
324 2864 370 2918 vel
388 2881 487 2918 manus
505 2885 537 2917 m
609 2870 641 2918 11
667 2866 803 2918 secretum
827 2882 860 2919 ec
882 2864 1053 2917 decretum«

110 2939 240 3007 possent:
266 2936 356 3006 possit
378 2945 419 3002 Μ,
443 2953 510 2990 corr.
525 2957 557 2988 m
630 2941 662 2988 12
687 2935 873 3005 deprehensa:
898 2935 1070 3004 deprehendi
1093 2945 1123 2999 J,

109 3071 208 3116 eorm
251 3065 283 3113 11
303 3023 412 3114 11101111
421 3070 455 3127 Β,
470 3070 566 3116 cerro
613 3066 645 3114 16
664 3061 833 3130 temptatam
843 3077 876 3114 ex
886 3061 1054 3129 semptatam
1072 3068 1093 3111 V

111 3133 194 3186 date:
214 3149 252 3185 aa
270 3131 452 3202 excogitate?
525 3137 557 3185 17
578 3148 692 3201 operam
705 3136 771 3202 post
788 3130 896 3184 iudices
915 3132 1011 3185 adds
1082 3130 1123 3184 in-

110 3237 218 3292 venite:
238 3238 345 3292 invenit
363 3252 378 3303 p
396 3240 474 3308 (corr.
489 3242 514 3310 e)
570 3239 690 3292 secreto:
713 3219 788 3292 sedto
808 3248 840 3291 Μ
893 3243 925 3291 18
944 3237 1074 3291 locuntur
1094 3247 1123 3290 r:

110 3309 265 3379 loquantur
278 3320 320 3376 M3
338 3309 491 3378 loquuntur
506 3311 606 3378 reliqui
676 3310 759 3378 putet
776 3331 819 3362 m:
838 3310 954 3378 putetur
967 3318 1005 3375 Bt
1024 3310 1125 3377 putent

111 3382 263 3436 Parisinus
281 3386 367 3448 16183
385 3382 470 3451 putat
492 3391 593 3445 VMsyo
654 3386 686 3433 19
706 3381 811 3450 teptari
830 3393 864 3444 ap
924 3385 959 3434 20
978 3380 1054 3449 quod
1073 3397 1123 3434 cor.

111 3461 172 3506 311
188 3469 262 3522 capr.
278 3463 327 3506 om
417 3459 450 3505 21
474 3468 593 3506 noverca
611 3462 638 3505 1·
726 3457 760 3507 23
784 3459 981 3509 sermonem‘m
1002 3450 1056 3506 uel
1076 3451 1143 3503 s'me

111 3523 382 3593 interrogationem
