2406 3832
116 163 182 228 280
502 163 577 219 ODII
594 162 702 219 ΡΟΤΙΟ
719 163 746 218 II
806 166 809 171 ’

115 334 220 410 poscit,
243 333 401 393 destitutos
425 336 560 409 queritur
582 333 743 409 amplexus.
780 333 872 392 vultis
896 350 949 392 vos
972 332 1055 391 abire
1078 351 1128 408 pc

115 421 176 481 tius
199 421 231 479 in
249 424 349 482 vestra
368 425 488 497 secreta,
511 422 554 481 ibi
577 422 687 500 gaudia
710 422 902 497 querelasque
924 424 1043 481 mutata
1062 439 1128 480 con·

116 513 284 570 versatione
312 509 503 571 consumere?
547 530 607 570 non
630 513 795 588 agnoscunt
821 511 901 588 leges
924 529 959 570 ac
983 510 1052 568 iura
1075 512 1129 568 mi·

111 618 205 662 seros.
249 601 299 659 bic
322 600 485 660 audiuntur
507 602 600 659 seriae
623 600 818 659 calamitates
863 602 992 658 nonest
1014 600 1130 659 ultione

117 687 233 767 dignus,
256 689 292 748 de
316 708 374 764 quo
397 692 496 767 potest
519 689 634 749 efficere
656 691 804 764 meretrix,
827 690 862 747 ut
883 691 1033 765 queratur.
1144 706 1166 747 1

183 778 223 837 llt
238 778 356 853 quando
374 798 525 854 nmquam,
538 778 658 854 iudices,
673 778 799 837 audistis
818 777 853 836 de
872 777 1013 837 veneficio
1027 779 1132 836 vivum

118 865 310 942 querentem?
337 866 451 927 facinus
473 868 529 926 hoc
551 886 666 943 semper
688 886 724 925 ex
748 866 893 927 mortibus
916 867 1032 943 aceepit
1054 867 1132 925 invi-

117 955 205 1015 diam.
252 958 278 1015 si
300 957 500 1030 latrocinium,
521 956 628 1032 probes
651 975 762 1030 cruore,
784 955 969 1030 vulneribus,
993 958 1019 1016 si
1042 956 1132 1016 sacri-

117 1046 238 1123 legium,
261 1044 364 1121 spoliis
386 1047 543 1104 numinum
563 1044 733 1121 praedaque
756 1045 948 1121 templorum:
971 1045 1024 1118 ita,
1043 1063 1131 1103 vene·

117 1133 218 1194 ficium
241 1135 265 1194 si
285 1152 402 1211 arguas,
426 1136 544 1210 oportet
563 1134 700 1194 ostendas
722 1136 810 1210 putre
833 1134 977 1193 livoribus
996 1133 1132 1208 cadaver,
1146 1151 1170 1192 11

117 1225 196 1282 inter
220 1223 405 1282 efferentium
427 1241 532 1283 manus
555 1223 648 1282 fluens
671 1223 740 1282 tabe
759 1240 873 1300 corpus.
909 1224 945 1280 ut
966 1221 1028 1280 iam
1051 1221 1134 1280 istud

118 1313 233 1372 obicere
260 1312 368 1388 possit,
396 1315 427 1371 et
449 1313 513 1371 vita
536 1312 624 1371 debet
647 1310 762 1388 aliquid
785 1329 846 1371 esse
873 1329 962 1388 passa
985 1310 1066 1387 quod
1088 1310 1133 1368 in-

119 1400 232 1460 vidiam
258 1402 363 1460 mortis
390 1401 533 1461 imitetur.
579 1400 754 1460 veneficium
780 1418 855 1460 voca
881 1399 961 1476 quod
988 1401 1134 1459 caecitate

120 1491 281 1567 grassatur,
308 1490 388 1564 quod
414 1491 446 1547 in
474 1491 576 1567 aliqua
603 1489 832 1566 deprehenditur
859 1488 1014 1548 debilitate
1041 1509 1133 1560 mem·

119 1579 248 1637 brorum.
285 1579 393 1654 profer,
412 1578 547 1657 agedum,
570 1581 701 1655 corporis
719 1580 815 1652 notas,
834 1579 866 1636 in
884 1596 958 1653 quas
977 1596 1008 1636 se
1026 1579 1134 1637 noxiae
1148 1594 1171 1636 11

112 1667 250 1743 <potionis
269 1685 362 1745 vagus
385 1668 485 1727 fervor
507 1668 651 1743 effuderit,
674 1667 726 1728 ubi
743 1667 868 1744 depasta
888 1669 1022 1727 senectus
1040 1668 1134 1727 visce-

120 1755 202 1815 ribus
230 1756 380 1815 saevitura
408 1756 579 1818 consederit.
625 1758 737 1834 espicio
759 1774 816 1833 par
837 1755 990 1815 laboribus
1017 1774 1135 1832 eorpus,

120 1845 247 1904 retinere
271 1863 325 1904 sua
342 1845 508 1905 ministeria
530 1845 726 1906 sufficientem
744 1846 886 1919 animum,
904 1846 989 1904 seriis
1008 1844 1134 1919 actibus,

84 1931 306 1993 baccusatoria
328 1933 470 1993 firmitate
492 1935 654 1995 robustum.
700 1933 793 2002 crede,
816 1934 940 2007 iuvenis,
964 1933 1134 1993 hominibus

121 2025 172 2100 qui
203 2026 234 2082 te
266 2023 353 2082 modo
381 2027 539 2098 noverant,
568 2043 646 2083 nnnc
673 2025 782 2098 acrior,
810 2022 934 2082 erectior
960 2022 1072 2082 resedit
1103 2023 1134 2080 in
1147 2040 1171 2080 11

121 2131 222 2172 sensus
245 2113 339 2191 vigor,
366 2114 399 2172 in
423 2112 556 2172 membra
583 2114 703 2190 sanguis
726 2111 839 2172 viribus
862 2112 945 2171 velut
971 2130 1068 2171 novae
1089 2113 1134 2170 iu·

121 2201 254 2261 ventutis
277 2203 422 2261 exultans.

188 2290 303 2350 Bibisse
335 2293 365 2348 te
397 2291 645 2350 medicamentum
676 2289 803 2365 probare
833 2308 893 2349 non
925 2306 1040 2366 posses,
1077 2291 1135 2350 nisi

121 2381 261 2438 meretrix
283 2381 436 2439 fateretur.
483 2380 561 2456 quod
584 2381 610 2438 si
632 2379 820 2455 permittitis,
843 2378 966 2454 iudices,
994 2380 1029 2437 ut
1053 2380 1134 2455 quio·

123 2468 195 2544 quid
223 2470 326 2527 contra
354 2468 597 2528 consuetudinem
624 2468 721 2543 datur,
750 2468 787 2526 ed
813 2466 901 2527 huius
924 2467 1064 2527 vocabuli
1090 2482 1170 2526 reu

194 2714 310 2762 incer
363 2710 494 2763 anostra
508 2721 528 2762 r
573 2707 743 2778 querelaque
761 2715 782 2758 ν
826 2709 926 2760 mutua
944 2708 1000 2762 Ba.
1057 2713 1134 2763 Sea

123 2779 287 2851 essilegium
305 2789 334 2846 νς
354 2779 551 2850 sacrilegium}
569 2789 602 2834 Μ
671 2777 791 2848 aspolii
808 2787 843 2846 B,
862 2796 875 2832 s
893 2777 990 2834 acas
1046 2780 1135 2845 nomi-

122 2903 190 2940 num
207 2896 236 2939 Β
291 2851 449 2956 templorum
467 2895 496 2938 Β
557 2893 590 2941 14
609 2901 664 2956 quo
683 2895 704 2938 V
762 2891 795 2939 lb
812 2885 952 2954 vagedum
970 2895 1030 2953 373
1050 2901 1135 2955 agen-

123 2957 218 3024 dump
273 2963 306 3012 16
324 2957 413 3012 ferror
426 2967 460 3024 Β,
479 2968 575 3012 corae
622 2955 765 3012 effuderit:
784 2956 796 3010 i
814 2973 847 3012 ec
860 2973 928 3012 corr.
942 2966 981 3024 83
1000 2955 1136 3011 effuderat

123 3038 151 3083 P
218 3027 480 3083 ubi-consederit
499 3029 564 3083 t17
581 3046 631 3084 om.
645 3037 681 3096 Β,
699 3031 732 3084 ia
749 3045 836 3099 mcrp.
854 3029 949 3095 infimo
967 3028 1065 3082 odd.o

123 3100 249 3168 depastis
276 3100 338 3168 Gr.;
366 3100 491 3170 depastis
516 3099 592 3153 intus
620 3100 681 3156 cer.
768 3100 908 3153 senectus:
934 3114 1031 3153 sensus
1057 3100 1134 3154 Dese.

119 3226 148 3277 p.
164 3212 201 3262 99
283 3213 316 3261 17
338 3187 463 3262 ediderit
480 3215 502 3258 v
562 3206 736 3276 hospiciola
806 3211 840 3260 18
858 3220 909 3259 sua
927 3205 1048 3260 retinere
1066 3215 1087 3258 v

124 3284 157 3333 19
177 3278 341 3333 omnibuss
430 3281 464 3331 20
482 3283 616 3332 noueram
628 3286 664 3345 Ι,
681 3294 846 3333 noveramus
864 3286 918 3341 Vsa
1005 3277 1135 3332 erectior·

123 3363 212 3418 quea
275 3349 362 3403 rediit
381 3349 443 3417 Gr.;
462 3364 492 3402 se
511 3348 591 3402 dedit
608 3350 665 3404 Bo.
738 3355 770 3402 21
781 3348 883 3431 ,mbrar
902 3349 931 3401 1ῖ1
949 3349 981 3402 ia
993 3365 1049 3403 ras.
1066 3358 1087 3401 V

119 3442 242 3528 iuvbbtis
261 3483 295 3528 Μ
363 3479 397 3528 23
415 3455 548 3529 sibiles
607 3479 642 3526 24
660 3423 799 3542 permitatis
813 3483 846 3528 Μ
910 3479 944 3526 26
963 3475 1043 3526 extra
1062 3488 1133 3527 cons.

107 3557 150 3610 per
218 3547 258 3603 ab
276 3549 473 3622 Bv(corr.b)
545 3544 611 3601 uiue
630 3554 656 3600 Β
693 3543 856 3598 ..vocabuli
874 3544 949 3598 Oba:
967 3543 1046 3614 vulgi
1064 3565 1087 3597 ω
