2408 3840
335 153 641 210 DEOLAMATIONES
659 155 818 210 XIII-XV.
1015 156 1081 221 383

68 324 101 382 in
115 325 243 384 nominis
256 324 346 384 unius
364 326 531 400 potentiam
545 344 645 385 omnes
658 326 789 401 reliquos
803 326 932 403 stringat
951 326 1081 386 affectus.

66 414 200 490 primum
214 413 293 489 quod
306 413 423 473 inducit
435 415 523 474 unius
542 413 644 474 odium
662 417 692 473 et
707 415 833 473 aliorum
852 415 984 474 omnium
1000 415 1083 475 tollit

68 522 208 576 amorem,
231 504 262 561 et
283 503 393 561 mirum
415 504 448 561 in
470 503 591 562 modum
612 505 676 578 ipse
698 505 837 562 inimicus
863 521 976 562 amasse
999 505 1082 580 volo;

67 591 117 650 odi
141 591 287 667 siquidem
305 610 508 667 necunquam
530 594 611 652 visus
632 611 697 651 sum
714 593 810 670 magis
830 611 952 652 amasse.
997 592 1081 668 potio

41 679 172 765 sinfelix
196 699 272 756 quae
294 701 341 739 me
369 680 535 740 condicioni
560 681 720 741 infeliciori
747 681 879 741 subiecit.
927 700 1004 756 quae
1026 703 1080 758 pu-

66 769 141 829 tatis
164 787 226 829 esse
248 771 398 828 tormenta
420 775 469 829 etc.
494 763 540 850 (p.
559 773 635 840 276,
653 761 697 851 2).

353 1001 418 1065 XV.
441 999 564 1070 anan
587 1018 647 1060 reo
670 1019 793 1060 suumn.

133 1125 202 1184 Non
220 1125 339 1184 ridetur
356 1127 489 1200 perfecta
505 1125 636 1201 potionis
649 1126 802 1201 persuasio
821 1144 897 1201 quae
914 1126 1080 1201 perfectum

65 1215 169 1274 odium
192 1214 294 1273 debuit
317 1233 465 1292 generare.
510 1233 570 1274 non
593 1217 638 1274 est
663 1216 762 1274 autem
786 1215 886 1273 odium
913 1215 965 1273 sed
988 1233 1080 1290 amor,

24 1325 51 1365 ro
66 1323 136 1362 cum
158 1323 266 1379 queror
284 1304 319 1361 de
338 1322 438 1362 amore
456 1303 581 1379 perdito.
628 1308 718 1372 amat,
741 1304 899 1379 uindices,
922 1305 1005 1362 emat
1028 1307 1080 1380 qui

65 1394 202 1468 queritur
234 1392 312 1467 quod
344 1411 404 1451 non
441 1395 564 1452 ametur.
619 1393 736 1468 quando
769 1394 878 1453 venisti
909 1393 1029 1468 melius,
1061 1412 1078 1451 ο

63 1483 191 1555 iuvenis,
213 1481 245 1539 in
263 1481 369 1540 forum.
415 1500 493 1540 nunc
512 1481 591 1541 enim
608 1483 689 1560 leges
712 1484 742 1541 et
764 1482 830 1540 iura
848 1483 987 1557 loqueris,
1011 1502 1078 1541 con-

63 1571 194 1645 viciaris,
212 1571 365 1630 maledicis
383 1570 588 1630 meretricibus
607 1590 680 1645 quas
695 1571 845 1647 quondam
862 1572 986 1631 laudare
1004 1573 1078 1632 sole·

62 1659 132 1732 bas,
160 1662 191 1718 et
217 1660 273 1718 hoc
301 1660 412 1718 virtute
438 1659 569 1734 potionis
596 1662 743 1736 acceptae.
788 1661 866 1719 hunc
888 1662 923 1718 tu
946 1662 1079 1719 animum

21 1749 152 1811 romodo
175 1750 254 1807 inter
276 1748 415 1808 libidines
443 1768 477 1807 ac
500 1751 597 1808 scorta
625 1749 781 1824 perdebas,
811 1751 905 1809 macie
927 1750 1078 1825 notabilis,

61 1838 178 1914 pallore
207 1837 346 1896 deformis
374 1839 404 1896 et
427 1839 492 1896 sola
518 1837 724 1913 impatientiae
751 1841 821 1897 tuae
848 1837 953 1897 fabula
979 1841 1077 1898 notus.

61 1926 209 2003 perieras,
240 1925 357 2001 infelix,
389 1926 447 1986 nisi
478 1926 603 1986 bibisses
635 1947 788 1986 venenum.
843 1946 921 1986 nuno
953 1927 1078 1986 erectior

60 2015 174 2074 resedit
190 2016 223 2074 in
245 2033 347 2074 sensus
372 2015 471 2092 vigor,
494 2016 526 2074 in
552 2016 685 2074 membra
711 2018 832 2093 sanguis
856 2016 969 2075 viribus
992 2018 1078 2075 velut

62 2122 161 2163 novae
182 2105 346 2164 iuventutis
366 2106 510 2164 exultans.
555 2104 663 2163 bibisse
686 2109 716 2163 te
737 2105 986 2173 medicamentum
1008 2125 1077 2180 pro-

17 2215 48 2255 ao
61 2193 135 2252 bare
158 2212 218 2252 non
235 2212 344 2269 posses,
367 2195 427 2253 nisi
444 2194 584 2252 meretrix
601 2194 753 2252 fateretur.
799 2212 853 2252 nec
871 2212 939 2252 rens
962 2195 1007 2253 est
1025 2194 1076 2252 sed

61 2281 159 2360 magis
182 2283 347 2360 gratiarum
375 2285 491 2342 actione
518 2281 625 2359 dignus
654 2284 706 2358 qui
731 2282 881 2341 benefacit
903 2284 933 2341 et
955 2283 1077 2357 prodest

60 2372 167 2430 invito.
221 2372 272 2431 sed
299 2371 385 2431 dicis:
415 2373 599 2431 meretricem
630 2388 742 2430 accuso.
793 2371 844 2430 sed
872 2371 984 2430 iudices
1016 2391 1076 2430 non

61 2460 171 2519 debent
192 2460 360 2520 nominibus
389 2463 544 2521 aestimare
571 2479 636 2519 reos
667 2459 718 2519 sed
740 2460 879 2521 moribus.
925 2461 1030 2534 vultis,
1058 2479 1075 2519 o

60 2549 183 2622 iudices,
204 2550 267 2607 inte
306 2550 408 2608 'tatem
425 2551 542 2625 puellae
561 2550 691 2609 breviter
712 2550 842 2625 probem.
888 2550 965 2608 hanc
985 2569 1075 2624 quam

21 2657 48 2698 rs
62 2657 142 2697 nunc
164 2657 280 2714 pauper
309 2638 486 2713 detestatur,
516 2642 649 2713 accusat,
680 2657 780 2698 amare
809 2640 921 2698 mallet.
968 2637 1076 2713 omnia,

60 2727 186 2802 iudices,
209 2728 344 2786 facinora
367 2746 470 2788 causas
493 2729 541 2787 vel
565 2728 600 2787 de
623 2728 787 2804 cupiditate
809 2729 858 2787 vel
881 2728 917 2786 de
940 2728 1075 2787 simulta-

59 2816 142 2875 tibus
164 2816 296 2875 trahunt.
342 2817 414 2892 quid
441 2818 542 2876 odium
565 2818 600 2876 de
629 2820 760 2876 amatore
787 2815 957 2876 meretrici?
998 2835 1075 2892 quae

58 2905 171 2983 praeda
190 2904 225 2963 de
244 2904 395 2981 paupere?
439 2906 540 2965 odium
557 2908 657 2981 inquit
678 2909 786 2982 accepi.
832 2906 884 2965 sed
906 2907 971 2965 dico
996 2905 1075 2981 quod

59 2994 117 3055 hoc
140 2995 308 3054 estodium
331 2997 462 3054 salutare
488 2997 673 3054 meretricem
697 2996 786 3054 odire.
833 2995 943 3070 odium,
966 2995 1073 3070 inquit,

19 3103 46 3144 eo
62 3085 164 3158 accepi
187 3088 291 3143 contra
313 3103 434 3143 uxorem
458 3086 487 3142 et
510 3083 586 3144 filios
608 3102 699 3160 meos,
721 3086 757 3143 ut
779 3104 797 3142 a
820 3086 910 3143 sacris
934 3102 1075 3143 avocarer

59 3173 222 3233 affectibus.
264 3174 315 3232 sed
333 3172 398 3232 dico
418 3173 498 3249 quod
515 3173 591 3231 illud
614 3173 714 3232 odium
732 3175 765 3231 in
785 3175 939 3232 meretrice
958 3173 1073 3232 facinus

59 3263 106 3321 est
129 3281 187 3336 quo
206 3264 302 3320 utitur
323 3264 355 3320 in
373 3263 420 3321 sui
438 3261 602 3321 caritatem.
643 3264 689 3320 ita
706 3264 755 3321 vel
773 3263 828 3321 hoc
849 3263 945 3320 solum
963 3261 1074 3321 sufficit

59 3351 243 3409 excusationi
266 3351 345 3427 quod
368 3351 435 3409 illa
446 3354 550 3410 contra
568 3369 599 3410 se
616 3353 738 3410 tantum
757 3351 849 3410 dedit.
887 3351 993 3409 laetus
1007 3369 1084 3421 erup

58 3439 112 3511 dic,
131 3439 251 3513 iuvenis,
272 3441 482 3518 congratulare
501 3442 587 3520 mihi,
604 3441 674 3504 bibi
690 3442 962 3504 medicamentum
971 3433 1118 3524 credebas

10 3541 172 3596 ¹5⁸³0V¹11112
196 3525 273 3584 desii
290 3548 415 3606 pauper
432 3551 542 3597 amare
566 3539 784 3600 meretricem.
829 3532 976 3593 iamiam
991 3536 1066 3580 effi
1083 3528 1138 3566 m·
