2408 3840
364 112 598 171 nuculnaulc
617 113 769 170 vis-uc.
1008 114 1070 182 103

57 285 94 342 in
119 281 268 342 mortem?
299 301 367 341 cum
398 282 492 357 cibos,
523 283 648 342 haustus
681 286 710 341 et
738 283 840 341 omnia·
867 282 1070 344 blandimenta

59 375 143 432 vitae
164 373 259 432 fames
282 372 399 431 fastidit
422 376 452 431 et
474 370 590 449 poscit?
617 372 782 443 desiderare
806 371 1005 431 adsidentium
1027 372 1071 431 of-

61 461 144 537 ficia,
175 461 282 521 dehinc
312 463 388 521 ferre
409 475 478 520 ¹non
504 458 624 536 posse?
643 461 764 538 gravari
794 479 868 536 quos
901 462 1071 536 appetieris,

64 549 214 610 attactus?
244 570 297 626 per
323 553 429 611 totum:
448 548 543 609 cubile
571 568 678 624 corpus
704 551 787 609 velut
816 568 906 625 super
934 550 1071 614 ardentes

19 661 47 701 >a
62 642 216 718 exagitare
242 637 404 716 flammas?
441 640 494 703 lux
521 639 657 716 fatigatis
684 638 846 699 luminibus
873 638 986 716 gravia,
1013 658 1070 698 vox

59 730 125 788 sola
152 727 190 786 de
216 730 338 805 gemitu.
385 737 451 787 cum
478 746 513 786 ex
540 727 655 788 duobus
682 727 808 802 captivis
835 728 958 804 languet
986 729 1071 803 alter,

57 827 122 876 una
146 819 193 876 est
213 817 413 892 inaequalitas
435 817 530 893 patris
553 817 662 894 eligere
685 835 798 875 sanum

127 907 243 981 Retuli,
265 905 391 1006 iudicer,
413 924 507 981 usque
531 905 658 964 adhuc
650 925 682 962 ιιι
704 905 860 981 penatibus
884 906 959 979 suis,
986 907 1071 967 iuxta
1084 905 1123 961 lt

56 998 201 1071 parentes
227 995 469 1071 propinquosque
500 995 698 1071 languentem.
744 1013 895 1069 ocarcer,
922 1014 938 1053 o
966 994 1071 1069 morbi,

14 1106 42 1146 ro
57 1104 151 1160 quem
173 1102 227 1143 vos
253 1103 313 1143 uon
339 1083 438 1142 facitis
466 1080 633 1161 aegrum?
653 1085 683 1149 et
705 1103 765 1143 non
787 1084 838 1142 ille
861 1102 960 1142 carcer
983 1102 1070 1158 quem

58 1174 204 1232 severitas
227 1173 340 1250 legum,
367 1192 455 1248 quem
480 1173 663 1248 potestatum
690 1173 806 1231 iustitia
829 1175 993 1233 commenta
1016 1175 1069 1233 est.

58 1282 120 1321 non
143 1265 270 1338 possunt
290 1262 413 1319 humani
434 1265 544 1335 metus,
568 1262 765 1319 humanarum
787 1263 1002 1338 cogitationum
1024 1262 1071 1320 in-

57 1351 149 1429 genia
181 1351 254 1410 satis
283 1351 478 1425 habundeque
510 1352 662 1425 concipere
691 1369 766 1425 quae
793 1350 864 1409 vidi
909 1351 987 1409 iacet
1013 1350 1069 1409 sub

55 1443 223 1499 immensae
249 1442 343 1515 rupis:
363 1440 489 1514 abrupto
507 1439 615 1503 ‚tristis
643 1441 673 1497 et
699 1440 780 1497 ultra
808 1440 987 1498 naturalem
1000 1459 1069 1515 pro-

15 1551 41 1591 ιι
56 1529 171 1588 fundae
203 1529 339 1605 caliginis
371 1532 487 1587 noctem
516 1547 628 1587 mersus
660 1529 795 1603 piraticis
824 1528 937 1588 artibus
965 1547 1069 1605 specus

58 1638 149 1695 quem
166 1620 233 1676 tota
252 1617 422 1676 circumfusi
438 1617 564 1676 vastitas
582 1617 672 1682 maris
691 1619 722 1676 et
740 1616 869 1692 undique
888 1617 1069 1677 minantibus

57 1707 189 1782 scopulis
216 1706 479 1782 iffisatempestas
501 1709 613 1764 terrore
635 1707 771 1765 ruiturae
798 1706 884 1765 molis
908 1707 1068 1766 everberat.

56 1796 183 1855 horrent
210 1798 316 1854 cuncta
342 1795 489 1870 crucibus,
517 1795 654 1870 squalent
681 1795 868 1854 circumiecta
896 1796 1068 1872 naufragiis,

57 1886 160 1943 nullus
187 1885 246 1943 nisi
268 1886 299 1942 in
327 1884 473 1960 supplicia
500 1887 881 1960 mortesqueprospectus,
910 1888 940 1942 et
963 1885 1001 1942 ad
1023 1885 1068 1942 in·

17 1975 193 2035 infelicium
225 1973 409 2048 captivorum
440 1977 551 2031 metum
587 1973 765 2048 praemissus
798 1973 833 2030 de
865 1973 957 2034 simili
988 1974 1069 2031 exitu

58 2063 151 2122 dolor.
198 2064 323 2138 spiritus
345 2062 425 2125 solus
452 2063 534 2121 intus
557 2081 645 2138 quem
667 2061 834 2121 vinctonim
859 2063 982 2121 trahunt
1003 2062 1068 2120 red-

57 2153 192 2227 duntque
211 2151 347 2228 gemitus
371 2170 458 2227 quem
475 2153 524 2214 tot
541 2152 689 2210 contulere
707 2152 889 2228 languentes.
921 2151 976 2209 hoc
996 2152 1068 2223 erat,

57 2241 110 2299 ubi
133 2240 251 2302 iacebat
266 2249 364 2317 aeger,
377 2239 462 2297 ..illud
484 2242 530 2298 tot
549 2258 701 2313 annorum,
725 2259 759 2298 ex
778 2259 836 2314 quo
856 2239 952 2314 coepit
969 2240 1068 2313 pirata

57 2331 203 2408 grassari,
231 2329 312 2387 idem
339 2329 444 2387 cubile.
489 2342 608 2405 corpus
626 2329 704 2403 quod
734 2331 909 2405 gravaretur
938 2327 1069 2385 assiden-

23 2438 46 2478 ιι
58 2421 136 2478 tium
155 2417 272 2477 sedulas
291 2437 411 2492 manus,
421 2418 502 2476 iacet
519 2419 597 2476 inter
614 2419 733 2477 vincula
753 2417 858 2492 quibus
877 2416 1069 2475 instrinxerat

58 2508 157 2567 adhuc
183 2509 334 2566 recentem
359 2509 458 2582 pirata
481 2508 645 2582 captivum,
674 2510 704 2565 et
727 2507 862 2581 quamvis
888 2508 1010 2564 tenuata
1032 2505 1068 2563 de

58 2596 182 2656 nexibus
205 2597 337 2654 membra
358 2595 507 2670 labantur,
533 2614 634 2654 rursus
656 2597 689 2653 in
711 2595 831 2653 modum
858 2595 1068 2672 stringentium

58 2689 163 2755 tenent
185 2703 262 2760 quae
282 2685 368 2745 nullo
391 2703 532 2760 suspensa
553 2685 622 2747 nisu
639 2685 722 2744 velut
744 2685 822 2743 victo
845 2683 963 2742 homine
987 2683 1068 2742 sede-

58 2778 136 2833 runt.
175 2775 272 2849 qualis
291 2777 355 2832 erat
376 2774 427 2831 ille
446 2774 499 2832 sub
521 2773 600 2832 ferro
619 2775 702 2833 cuius
721 2773 876 2850 exsanguis
895 2791 1000 2830 manus
1017 2772 1068 2858 uix

129 2950 144 2998 2
165 2944 249 2998 famis
266 2953 288 2996 V
354 2949 371 2997 4
390 2944 524 2997 attactus:
545 2959 578 2997 ac
595 2945 687 2996 tactus
706 2961 745 2997 aa
763 2944 900 2997 attactus
920 2942 1033 2996 dubium
1050 2950 1072 2993 V

58 3022 72 3068 ‘1
92 3012 295 3084 inaequalitas:
314 3031 359 3068 me
378 3013 500 3083 qualitas
518 3024 546 3067 Ρ
602 3019 635 3066 13
655 3013 821 3082 abundeque
843 3024 881 3066 vc
938 3018 971 3066 14
993 3011 1066 3065 ultro

58 3096 86 3140 Β
163 3086 302 3155 profundo
320 3095 379 3139 Bu
457 3092 490 3139 15
514 3102 634 3139 mersum
658 3107 688 3152 ας
713 3087 748 3152 cf.
768 3087 858 3150 Neue,
877 3084 1067 3138 Fornicatebre

58 3158 164 3213 1³850
218 3164 252 3211 16
271 3157 445 3211 circumfusis
462 3166 483 3208 V
533 3157 593 3210 19
585 3174 679 3211 mom.
690 3169 711 3209 c
756 3157 787 3209 in
801 3157 857 3209 nisi
872 3156 943 3209 scdt
932 3161 1034 3222 t.raasp
1051 3163 1072 3205 V

58 3234 91 3283 20
113 3229 313 3299 ρΘιιιιιιιιιιΒ
359 3213 495 3300 ΘΞιιιιιΞ
517 3237 550 3280 Μ
618 3234 650 3281 21
674 3229 841 3282 vinctorum:
865 3226 1024 3279 iunctorum
1042 3235 1069 3277 Ρ

59 3306 92 3353 24
109 3300 231 3355 crassari
249 3322 267 3352 α
350 3258 442 3353 idem:
466 3285 606 3382 idemque
614 3309 638 3352 J
720 3299 757 3352 ad
776 3297 997 3360 assidentiump

59 3375 91 3425 25
109 3373 282 3426 instruxerat
299 3384 320 3423 c
401 3376 435 3424 28
458 3371 534 3425 nisu.
553 3370 609 3423 uisi
627 3381 664 3437 Ρ;
683 3371 785 3423 uisus
856 3369 948 3422 vincto
967 3377 1000 3420 Μ

61 3501 92 3548 29
109 3497 159 3551 illc
144 3444 251 3551 sullerro
269 3505 297 3549 Β
367 3496 501 3566 exanguis
521 3497 688 3568 (ΘιιιιὲιιΞΘι
709 3497 746 3565 Μ)
767 3517 785 3548 α
