2406 3832
431 168 666 226 DEOLAMATIO
685 169 736 224 XV
750 177 827 226 2-4.
1072 171 1137 236 279

123 339 222 417 magis
245 341 359 398 amavit
381 338 540 412 bominem,
562 358 580 397 a
603 357 662 415 quo
685 340 787 400 noluit.
806 343 909 399 amari.
955 343 1137 418 consumptis

122 427 219 506 igitur
239 429 370 504 optimae
393 428 571 487 feminarum
594 429 707 489 cunetis
729 428 934 508 indulgentiae
956 432 1137 490 severitatis·

123 536 182 592 que
214 517 357 592 consiliis,
389 517 460 575 dum
488 516 568 592 apud
599 536 699 577 omnes
727 516 763 577 de
794 521 934 596 pauperis
962 521 1008 579 sui
1038 538 1136 581 amore

122 608 327 683 conqueritur,
358 605 466 665 incidit
496 606 659 665 remedium
692 625 750 682 quo
782 608 843 666 iam
875 607 1028 667 dicebatur
1060 610 1136 670 alius

92 697 242 756 samator
260 695 424 772 explicitus.
463 714 538 771 quae
560 697 659 770 prima
680 697 776 772 igitur
797 695 1007 756 medicamenti
1024 699 1137 773 pariter

122 803 160 844 ac
186 784 285 843 dantis
312 786 469 862 integritas
497 785 556 857 est,
583 803 643 843 non
670 786 816 862 negatura
842 787 987 861 porrexit,
1020 785 1137 845 adiuvit

121 872 229 932 deinde
252 873 331 949 quod
358 873 493 948 dederat,
520 874 682 948 imperarit
707 873 777 947 sibi,
803 891 938 951 nequas
965 874 1137 934 admitteret

122 962 252 1038 amplius
274 981 384 1038 preces,
406 981 443 1021 ne
468 961 594 1038 querelis
618 962 798 1038 adsistentis,
824 982 861 1022 ne
883 964 1014 1023 lacrimis
1037 981 1136 1023 move·

120 1053 213 1126 retur,
238 1051 370 1110 exclusit.
416 1051 509 1110 vultis
532 1051 619 1126 seire,
642 1051 768 1126 iudices,
790 1051 843 1111 ubi
865 1053 906 1112 sit
928 1052 1137 1112 medicamenti

77 1159 108 1201 ιο
123 1139 204 1216 φιοιί
218 1139 354 1217 obicitur,
367 1141 449 1200 totus
467 1137 621 1199 adfectus?
658 1143 792 1217 quisquis
811 1140 913 1200 odium
931 1141 1022 1216 dedit,
1036 1143 1136 1201 omnia

122 1233 193 1304 post
214 1229 270 1288 boc
293 1228 375 1302 facit,
398 1230 433 1288 ut
455 1228 562 1288 debeat
584 1229 687 1288 amari.
725 1232 837 1305 quanto
860 1230 977 1291 iuvenis
998 1231 1054 1289 hoc
1076 1250 1136 1290 me

120 1314 204 1376 lius?
234 1319 267 1375 in
289 1317 387 1376 fenim
412 1317 573 1393 aliquando
600 1319 718 1377 venisti.
762 1319 870 1395 incipis
902 1337 990 1398 agera
1018 1321 1136 1392 serium,

120 1424 252 1484 gravem,
270 1407 331 1464 iam
349 1407 439 1485 leges,
455 1409 518 1465 iam
535 1406 601 1465 iura
619 1408 758 1482 loqueris,
777 1409 952 1470 conviciaris
969 1409 1135 1469 maledicis-

121 1514 180 1571 que
197 1495 409 1555 meretricibus.
441 1496 523 1564 hunc
540 1498 575 1554 tn
589 1497 723 1555 animum
741 1496 828 1556 modo
846 1498 926 1557 inter
942 1498 1082 1558 libidines
1100 1517 1135 1558 ac

78 1603 107 1645 ιι
121 1585 219 1643 scorta
241 1584 385 1660 perdebas
408 1586 502 1644 macie
527 1585 682 1659 notabilm,
709 1585 824 1662 pallore
847 1586 986 1646 deformis
1014 1589 1135 1664 solaque

119 1673 317 1749 inpatientiae
343 1677 414 1734 tuae
441 1674 547 1734 fabula
570 1676 667 1734 nctus.
712 1677 842 1751 perieras
865 1676 982 1750 infelix,
1010 1675 1069 1737 nisi
1090 1676 1135 1736 bi-

119 1761 213 1822 bisses
236 1781 390 1822 venenum.

187 1851 330 1911 Veneficii
357 1852 428 1931 agit.
473 1851 590 1911 credam
618 1853 813 1927 mehercules,
841 1852 966 1927 iudices,
997 1853 1036 1912 ad
1065 1850 1170 1914 sub-4

69 1952 72 1959 '
120 1941 291 2016 scriptionis
318 1941 406 2001 huius
433 1940 642 2001 inmanitatem
669 1945 838 2018 expectasse
865 1941 1001 2017 publicae
1026 1945 1133 2002 savem·

78 2031 194 2090 aetatis
217 2048 311 2104 aures,
337 2029 487 2106 quoddam
509 2030 626 2089 saeculo
650 2030 732 2089 nefas
751 2031 905 2090 nuntiaret
926 2030 975 2090 bic
997 2033 1134 2108 gemitus,

121 2137 198 2194 quae
228 2118 380 2194 prosiliret
407 2118 519 2177 orbitas
551 2118 587 2177 de
618 2119 824 2177 novercalibus
856 2120 1028 2194 quaesitura
1057 2138 1134 2179 com·

120 2207 231 2282 missis,
264 2227 351 2282 quem
377 2207 526 2282 pestiferis
557 2207 698 2265 heredum
724 2206 969 2267 medicaminibus
999 2210 1135 2267 enectum

119 2298 216 2355 tristis
244 2297 443 2372 complanaret
469 2293 629 2355 adfinitas?
673 2314 734 2354 non
760 2296 853 2372 pudet
880 2313 950 2373 ergo
977 2296 1057 2372 quod
1083 2317 1133 2356 va·

120 2384 196 2443 catis
219 2385 411 2460 lupanarium
434 2385 560 2460 querelis
584 2388 614 2444 et
636 2384 675 2443 ad
692 2402 745 2444 vos
768 2385 942 2443 deferuntur
969 2386 1134 2445 amantium

79 2494 106 2534 ss
121 2471 223 2530 rixae?
268 2472 375 2533 videtis
398 2491 476 2532 nunc
499 2472 687 2533 accusatoria
706 2474 804 2533 fiuntc
827 2472 1011 2533 terribilem?
1033 2476 1135 2535 oscula

194 2696 390 2750 lemovitve
439 2695 756 2764 hominnmuwcorro
806 2705 960 2752 aova
1009 2696 1134 2752 temnis

119 2810 148 2855 Β
199 2802 319 2871 pauperi
332 2810 360 2856 Ι
417 2785 664 2872 4coduarituru3
683 2803 810 2872 queritur
824 2812 856 2857 Μ
913 2803 989 2872 quod
1002 2802 1133 2874 uma&

120 2873 280 2928 cnondel.
298 2873 347 2928 Or
401 2876 569 2940 necaturas
624 2873 1134 2943 iinaliishrimpetraviteuprm

118 2948 332 3000 amoverentur
345 2967 364 2998 α
414 2949 447 2998 10
466 2944 591 3000 omniurn
604 2954 671 3000 u.
689 2950 721 2999 11
741 2945 853 3014 quando
871 2955 893 2998 V
945 2944 1098 2999 lanariam
1112 2956 1136 3000 J

121 3021 153 3069 13
172 3032 258 3086 grave
277 3038 295 3069 α
348 3016 406 3070 iam
423 3016 500 3087 leges
518 3033 569 3072 om.
584 3027 608 3071 J
660 3021 695 3070 14
712 3019 744 3070 tu
758 3032 808 3071 orn.
823 3019 973 3086 unaecpr.
980 3018 1018 3099 ιι)
1068 3015 1133 3071 libi-

120 3087 228 3152 dinise
283 3093 315 3142 16
334 3087 501 3158 perieras-
513 3087 610 3158 agitl.
624 3091 661 3142 18
678 3105 730 3144 om.
745 3098 769 3142 J
821 3092 855 3141 18
873 3086 1001 3142 veneficii
1019 3103 1133 3142 causam

119 3158 181 3229 agit
199 3168 231 3213 Μ
292 3158 440 3213 credebam
458 3168 504 3224 eu
565 3157 780 3228 suscriptionem
797 3168 826 3211 Β
843 3160 920 3230 (corr
935 3161 962 3228 o)
982 3168 1049 3225 MP3
1068 3158 1132 3212 sub·

119 3229 280 3299 scriptionis
299 3247 362 3285 ea·
350 3245 407 3283 -em
425 3232 534 3300 V(eorr.
550 3231 637 3285 altera
650 3233 772 3314 manue);
791 3230 1025 3299 subscriptionem
1041 3238 1083 3282 se

119 3306 154 3354 20
171 3301 294 3372 gemitus
312 3301 442 3356 minabar
460 3310 491 3355 n
548 3306 580 3355 21
600 3300 743 3371 prosiliret
760 3317 823 3356 eec-
812 3303 884 3355 -eret
901 3310 930 3354 n
982 3305 1016 3353 22
1035 3304 1130 3369 quem:

118 3378 167 3441 qm
180 3382 208 3426 Ρ
259 3373 395 3427 heredum
412 3373 482 3428 Ba:
501 3389 557 3426 -em
577 3393 600 3426 a
676 3374 817 3427 enectum:
836 3371 957 3426 necdum
974 3380 1034 3438 ΒΡ·
1054 3387 1133 3426 evec-

118 3482 213 3544 tums
284 3485 318 3533 23
337 3480 388 3534 tris
406 3490 434 3533 B
486 3479 607 3534 vacatis:
626 3474 810 3534 evocatis?
850 3484 884 3532 14
902 3477 934 3531 lu
934 3457 1044 3548 pbbum
1062 3487 1083 3530 V

119 3551 156 3605 ad
173 3567 237 3606 vos:
257 3551 327 3605 duos
346 3561 378 3606 Μ
448 3549 635 3606 mimantium
652 3559 681 3604 Ι
751 3555 788 3606 ‘lb
803 3549 885 3605 bunc
904 3558 952 3617 up
