2408 3840
381 136 615 192 DECLAMATIO
634 137 786 192 v1a-ar.
1022 136 1084 202 107

71 306 281 384 redempturus
311 308 470 382 utrumque
485 334 486 341 ¹
502 308 623 383 venisti3
655 325 715 365 non
747 306 820 365 adeo
851 309 952 364 tamen
985 324 1085 365 sensus

74 414 155 471 meos
175 396 315 472 languor
327 395 488 471 hebetavit,
511 399 545 455 ut
568 397 679 455 exitum
698 395 877 454 condicionis
896 395 984 453 huius
1001 397 1085 472 ignc-

76 504 146 545 rem.
190 503 247 561 ego
270 484 450 559 luxuriosus,
478 504 532 563 ego
560 484 706 562 perditus,
733 502 811 543 nunc
834 502 903 543 vcro
931 503 1019 559 super
1034 485 1086 542 ,in⁴

76 573 199 633 famiam
222 573 349 632 nominis
377 573 465 632 huius
488 575 622 634 emoriar.
668 575 783 632 utinam
805 573 862 632 hoc
884 574 990 631 saltem
1011 574 1085 631 mihi

53 681 139 724 asaro
166 664 233 721 fata
260 664 460 738 praestarent,
486 666 521 722 ut
547 663 698 722 residuum
725 661 889 720 laborantis
915 663 1030 719 animae
1052 663 1085 718 in

73 755 124 812 tuo
148 769 326 828 poneremus
349 753 496 828 amplexu
541 752 593 810 sed
615 752 642 811 si
663 770 747 810 mora
771 752 816 810 est
840 751 958 827 longior
979 770 1085 826 prope-

71 841 211 900 rantibus
240 843 393 915 expectare
420 842 607 916 pereuntem,
629 841 671 899 ite
694 841 882 915 superstites,
905 842 947 898 ite
969 839 1085 914 felices3

71 929 126 988 has
149 931 271 988 tantum
292 930 433 1004 reliquias
456 928 659 989 commendate
681 929 801 1004 piratis,
823 947 860 1007 ne
883 946 1085 1004 mersuspro·

71 1017 180 1092 fundo,
208 1019 356 1093 proiectus
384 1019 416 1076 in
442 1019 563 1094 fluctus,
596 1020 708 1077 exitum
734 1017 843 1077 faciam
873 1017 1015 1090 hominis,
1048 1016 1085 1074 ad

54 1125 164 1183 »quem
187 1126 247 1166 non
270 1107 384 1166 venerit
406 1110 499 1183 pater,
544 1108 622 1166 unde
645 1108 724 1165 enim
747 1124 864 1182 sperare
889 1124 1023 1182 possum,
1049 1108 1086 1164 ut

70 1197 243 1269 revertaris,
265 1199 299 1254 ut
321 1192 445 1255 facias?
482 1200 554 1255 tuuc
577 1215 666 1272 super
687 1194 926 1270 abruptaverba
947 1198 1013 1254 tcta
1036 1195 1085 1253 dc-

71 1285 202 1345 fectione
225 1287 376 1360 conticuit,
399 1285 569 1360 strictisque
592 1286 670 1344 circa
688 1285 831 1344 vitalibus
850 1285 981 1343 dolorem
999 1303 1085 1342 suum

70 1373 206 1433 membra
228 1376 390 1451 riguerunt.
427 1374 598 1449 exclamavi,
621 1375 730 1433 fateor:
754 1368 838 1449 ‘quid
862 1375 936 1450 agis,
958 1372 1085 1431 infelix?

72 1483 127 1523 cur
146 1461 352 1538 desperatione
370 1462 554 1522 conlaberis?
592 1463 697 1523 attolle
715 1463 866 1538 paulisper
885 1463 993 1538 oculos,
1010 1481 1085 1521 con·

54 1552 172 1627 ‚firma,
199 1551 287 1626 dura,
315 1554 345 1611 te
372 1552 465 1612 frater
487 1548 603 1630 elegit?
649 1554 714 1611 visa
738 1555 783 1611 est
805 1571 858 1628 per
884 1551 960 1609 hanc
983 1569 1085 1610 vocem

71 1659 171 1705 meam
198 1644 319 1715 peracta
342 1641 488 1716 condicio,
516 1641 656 1701 continuo
679 1641 779 1716 pirata
801 1639 931 1699 detraxit
956 1643 1085 1712 catenas,

72 1730 172 1789 vincla
196 1730 317 1789 laxavit.
363 1729 463 1805 vultis,
487 1730 609 1808 elegisse
632 1749 678 1788 me
701 1727 826 1807 negem?
862 1730 963 1804 wiltis,
985 1731 1017 1787 in
1040 1729 1085 1786 lu·

72 1838 138 1878 cem
160 1819 297 1893 diemque
320 1819 482 1894 productus
506 1822 617 1878 carceri
639 1837 692 1877 suo
714 1818 856 1878 reddatur
879 1815 987 1896 aeger?
1029 1837 1084 1895 ego

71 1927 143 1967 vero
166 1926 227 1967 uon
249 1908 341 1971 habui
363 1908 454 1967 verba
477 1907 583 1984 quibus
606 1928 653 1966 me
676 1907 852 1983 deliberare,
875 1908 982 1983 quibus
1005 1909 1084 1966 nolle

55 1996 289 2057 *contenderem
334 1998 426 2056 maltis
454 1999 528 2056 scire
556 1997 628 2072 quid
650 2000 749 2072 pater,
777 1996 849 2072 quid
872 1998 971 2072 pirata
998 2015 1085 2072 prae-

72 2084 207 2145 stiterit?
252 2103 307 2162 ego
329 2085 402 2145 duos
424 2085 545 2161 redemi,
568 2086 618 2145 sed
642 2086 769 2145 alterum
792 2088 900 2160 accepi.

140 2169 195 2232 ‘vt
223 2170 319 2243 scias',
346 2176 459 2251 inquit,
483 2170 631 2252 ‘aegrum
646 2175 751 2233 redimi
774 2194 834 2234 non
859 2174 1008 2247 debuisse,
1036 2172 1085 2231 de·

72 2265 195 2323 firnctus
217 2258 283 2322 est'
329 2264 529 2323 crudelissime
552 2264 668 2341 generis
690 2264 821 2336 humani,
844 2262 898 2338 qui
920 2280 973 2321 nos
994 2264 1085 2336 putas

72 2353 205 2430 pretium
227 2355 315 2413 tuum
337 2353 508 2429 perdidisse,
532 2353 610 2427 audi,
634 2371 724 2428 quam
746 2351 842 2409 multa
864 2351 950 2409 nobis
972 2350 1004 2408 iu
1022 2369 1085 2409 mo·

56 2442 169 2500 tritum
191 2441 253 2501 filio
276 2444 375 2518 pirata
393 2441 562 2501 reddiderit.
598 2443 693 2501 frater
710 2444 780 2499 tuus
799 2441 850 2498 illc
868 2441 947 2498 inter
964 2439 1086 2498 vincula

73 2533 253 2606 catenasque
276 2530 413 2590 deficiens
440 2532 599 2606 respiravit
622 2530 737 2605 aliquid
759 2530 790 2587 iu
817 2532 883 2588 toro
906 2527 1085 2602 tandemque

73 2619 184 2679 liberas
210 2620 337 2678 vinculis
364 2638 469 2678 manus
496 2639 550 2695 per
575 2622 668 2678 totius
695 2619 800 2678 lectuli
827 2618 925 2694 spatia
952 2617 1085 2691 iactavit,

74 2710 144 2783 post
160 2709 270 2783 impias
291 2711 415 2768 carceris
439 2708 538 2768 sordes
561 2707 649 2766 illum
672 2727 739 2766 cum
761 2708 849 2765 ferali
867 2709 949 2767 veste
968 2706 1085 2781 squalo-

73 2816 137 2855 rem
160 2799 250 2872 exuit,
273 2798 426 2873 paulisper
448 2817 536 2874 aeger
558 2798 635 2856 vidit
657 2797 847 2872 propinqum,
871 2797 1017 2855 allocutus
1041 2799 1086 2854 est

56 2888 194 2961 ramices,
217 2887 384 2961 mandavit,
408 2887 519 2964 exegit,
542 2889 572 2944 et
595 2886 730 2961 quamvis
754 2904 892 2961 suprema
915 2888 994 2944 sorte
1017 2903 1085 2943 oon·

72 2974 187 3048 labens,
208 2977 292 3052 prius
310 2978 410 3035 tamen
433 2977 499 3035 luce
519 2975 593 3034 caeli
611 2975 704 3033 libera
723 2974 850 3035 satiatus
870 2969 921 3033 est.
959 2973 1086 3032 contulit
1101 2973 1138 3028 21

143 3134 160 3181 2
185 3128 333 3181 hebetabit
350 3137 410 3181 rm
479 3132 494 3179 3
518 3129 547 3181 et
566 3142 617 3195 ego
636 3126 763 3195 perditus
783 3139 797 3190 β
869 3131 884 3178 5
908 3124 985 3177 facta
1003 3133 1036 3176 Μ

73 3205 88 3251 6
106 3202 171 3255 tuos
183 3241 188 3252 .
201 3242 206 3252 .
219 3241 224 3250 .
235 3198 380 3269 amplexus
402 3209 423 3251 v
491 3204 507 3252 9
526 3200 668 3266 protectus
686 3207 745 3251 ml
815 3203 847 3249 12
868 3196 942 3250 circa
961 3194 1085 3248 dolorem

71 3271 206 3326 vitalibus
222 3279 262 3335 M;
281 3271 414 3324 vitalibus
434 3270 507 3324 circa
527 3283 541 3333 β
595 3274 628 3322 15
647 3286 708 3338 per:
728 3270 793 3337 post
810 3277 864 3332 l'co
916 3271 948 3319 ll
963 3265 1046 3320 voltis
1060 3275 1088 3323 B

75 3384 106 3432 18
125 3377 233 3432 carceri
251 3394 301 3432 suo
320 3394 370 3432 om.
380 3366 414 3444 Β,
434 3378 466 3430 io
481 3393 566 3446 marg.
582 3375 646 3431 add.
661 3385 679 3427 o
746 3381 784 3428 ‘20
804 3339 872 3443 quid
890 3373 986 3442 pirata
1004 3381 1035 3426 Μ

74 3455 106 3502 23
130 3447 307 3503 cnrdelissim
325 3457 394 3515 me
412 3449 510 3502 adde
596 3452 629 3500 26
653 3448 712 3500 toto
730 3456 765 3514 Β,
784 3463 851 3501 corr.
867 3444 999 3511 o;.thoro
1019 3457 1034 3508 c

75 3526 105 3574 31
126 3520 200 3576 coeli
218 3519 280 3574 luce
299 3533 313 3584 c
1079 3520 1081 3527 ‘
