2408 3840
90 165 166 218 XXX
490 163 705 218 PRAEFATIO.

89 336 217 411 paginae
240 336 375 410 margine
394 333 538 392 adnotum
557 338 601 392 est
621 333 644 402 Q
666 335 716 406 39,
740 334 817 391 unde
836 333 1001 392 Hammer
1020 335 1109 393 colle·

89 425 135 500 git
170 422 349 481 Vossianum
387 425 511 481 alteram
547 424 664 497 partem
706 422 861 482 cuiusdam
902 427 1108 500 excerptorum

89 513 271 572 collectionis
300 504 398 592 esse.¹)
442 531 459 568 a
487 530 577 569 manu
606 511 717 569 saeculi
740 510 823 586 XVI,
854 514 889 569 ut
913 513 1046 588 videtur,
1076 514 1108 572 in

87 603 222 679 margine
253 603 403 677 superiore
433 601 499 659 folii
525 604 540 657 1
568 602 738 676 appositum
765 600 888 679 legitur:
920 602 971 660 Ec
995 602 1108 676 Quiriti·

89 692 165 750 licui
188 694 320 764 eccerpto
342 695 374 748 at
401 691 557 748 consimile
580 695 621 749 est
648 691 685 748 ab
708 689 859 749 Adcloerdo
883 696 935 749 out
957 693 1016 751 olio
1039 711 1109 765 quo-

87 771 199 854 qrcorrr.2

156 772 253 927 (lodex
277 869 471 926 Bernensis
494 868 606 926 latinus
632 869 694 926 149
721 858 776 948 (Β)
800 869 973 928 chartaceus
995 871 1109 929 saeculi

87 957 158 1015 XVI
176 959 272 1017 forma
290 960 422 1016 maxima
441 958 511 1015 olim
530 957 633 1016 Iacobi
651 957 845 1035 Bongarsii
867 959 898 1014 in
923 977 982 1032 quo
1004 960 1109 1018 insunt

87 1048 247 1124 Bongarsii
275 1047 455 1106 collectanea
482 1046 613 1104 iuridica
640 1047 755 1105 medica
780 1047 945 1123 alchymica
972 1047 1108 1107 diversae

87 1139 117 1194 et
140 1137 265 1212 originis
289 1139 319 1194 et
341 1127 496 1216 aetatis3)‚
525 1137 670 1210 continet,
698 1141 733 1194 nt
755 1156 790 1194 ex
814 1135 976 1212 Calpurnio
999 1137 1107 1197 Flacco

85 1225 130 1282 ita
145 1224 324 1293 Quintiliani
337 1243 457 1299 quoque
471 1224 723 1283 declamationum
740 1229 887 1302 excerpta.
925 1245 992 1284 cum
1011 1247 1107 1286 erem-

85 1314 153 1389 plar
176 1332 283 1388 parum
306 1315 384 1373 clare
409 1319 499 1388 atque
523 1313 651 1372 dilucide
675 1317 829 1372 exaratum
853 1317 942 1389 esset,
965 1315 1107 1376 librarius

87 1405 138 1478 qui
161 1404 282 1481 linguae
305 1404 417 1461 latinae
445 1404 543 1461 minus
571 1403 684 1480 peritus
713 1406 790 1477 erat,
821 1404 995 1479 compendia
1019 1424 1107 1479 quae·

86 1492 155 1550 dam
178 1511 334 1568 perperam
352 1492 506 1551 intellecta
528 1493 606 1551 falso
625 1494 841 1567 interpretatus
865 1495 917 1552 est.
959 1494 1107 1568 quaedam

85 1601 162 1656 quae
186 1583 313 1641 enodare
336 1601 396 1640 non
419 1583 528 1656 potnit,
551 1583 640 1657 plane
663 1582 765 1641 omisit
782 1582 826 1640 ita
849 1584 959 1655 tamen,
981 1585 1017 1640 ut
1039 1603 1106 1658 spa-

86 1672 163 1729 tium
187 1673 360 1746 suppleturo
383 1670 573 1744 relinqueret.

152 1761 253 1818 Etiam
281 1760 372 1818 codex
394 1759 596 1818 Vaticanus
624 1760 783 1835 Reginae
809 1761 907 1819 1428
933 1752 991 1841 (R)
1013 1781 1106 1819 mem-

85 1848 248 1908 branaceus
277 1849 388 1908 saeculi
410 1841 498 1928 XV4)
522 1852 568 1908 est
594 1848 809 1907 miscellaneus
855 1849 932 1907 liber
959 1851 1011 1925 qui
1037 1869 1106 1909 con-

84 1939 162 1996 tinet
194 1938 336 2013 opuscula
368 1938 486 1996 diversa
519 1957 608 2012 quam
639 1940 768 1997 maxime
801 1942 831 1997 et
861 1941 1044 2016 argumentis
1076 1944 1107 1998 et

83 2027 268 2102 temporibus
286 2026 394 2102 quibus
414 2029 480 2085 orta
499 2029 577 2101 sunt,
600 2026 725 2102 praebet
745 2030 883 2103 excerpta
900 2028 965 2085 loco
990 2031 1105 2088 octavo.

152 2117 230 2175 Usus
261 2135 327 2175 sum
356 2115 566 2175 collationibus
602 2116 760 2176 Dessaueri
797 2122 917 2192 praeter
945 2117 1105 2177 Bernensis

85 2225 172 2280 quem
195 2205 335 2264 Monachi
363 2205 459 2264 hieme
488 2207 559 2263 anni
587 2189 673 2264 1990
697 2207 817 2265 contuli.
860 2206 975 2265 codices
1003 2209 1105 2265 autem

85 2293 467 2354 Gaio-Gonvillensem
509 2313 582 2353 saec.
616 2288 766 2373 xllsxssl
805 2298 836 2354 et
867 2293 1105 2354 Oxoniensem

83 2402 158 2443 saec.
178 2384 340 2461 XIHJXIV
362 2403 422 2442 non
447 2383 582 2458 adhibui,
609 2403 676 2442 cum
700 2403 734 2442 ex
759 2386 801 2443 eis
825 2403 902 2460 quae
924 2384 1105 2444 Dessauer

83 2474 119 2531 de
142 2473 203 2531 illis
227 2475 374 2547 enotavit,
402 2474 581 2547 evinciatur,
608 2474 669 2532 illis
693 2492 771 2531 nova
801 2473 933 2532 subsidia
957 2474 994 2531 ad
1018 2477 1104 2533 resti—

81 2563 224 2621 tuendam
247 2564 408 2639 genuinam
431 2563 588 2621 lectionem
611 2582 669 2621 non
692 2565 802 2638 parari.

149 2651 283 2709 Primum
301 2651 399 2710 locum
418 2654 501 2711 tenet
520 2650 682 2725 Parisinus,
707 2671 796 2727 quam
816 2651 852 2709 ob
876 2671 939 2710 rem
958 2652 1103 2728 excerptis

156 2823 181 2890 1)
200 2810 309 2890 co’gitat
323 2821 357 2875 de
371 2821 550 2876 institutione
565 2821 688 2875 oratoria
702 2822 732 2874 id
747 2821 824 2890 qnod
837 2839 937 2890 parum
951 2821 1103 2874 verisimile

83 2908 143 2946 esse
162 2892 233 2945 mihi
252 2893 369 2947 videtur.

155 2967 181 3028 2)
200 2981 285 3032 quam
300 2965 490 3018 coniecturam
504 2963 660 3018 Hammer
678 2965 788 3033 probat.
822 2963 993 3017 Dcssauer
1007 2966 1102 3017 antem

81 3036 178 3088 monet
197 3051 308 3088 carmen
326 3036 397 3088 illud
417 3036 452 3089 de
470 3035 598 3088 trinitate
617 3036 738 3089 Parisini
756 3040 826 3088 4709
845 3034 927 3089 Petro
942 3034 1102 3089 Abaelardo

83 3104 118 3158 ab
139 3105 202 3159 aliis
220 3107 316 3171 tribui,
335 3107 409 3160 unde
424 3106 498 3161 effici
513 3109 605 3176 putat,
625 3125 689 3161 oum
703 3107 863 3160 Abaelardo
882 3106 1102 3160 declamationes

82 3193 152 3244 quas
172 3178 284 3245 saepius
309 3178 421 3244 laudat,
446 3195 503 3231 non
525 3177 640 3248 ignotae
659 3179 777 3245 fuerint,
803 3194 867 3231 eum
893 3176 945 3230 illa
970 3181 1103 3247 excerpta

82 3248 217 3302 conflasse
262 3253 380 3317 uterque
400 3253 494 3303 autem
515 3249 576 3318 ipse
595 3251 671 3318 qnod
689 3250 822 3320 protulit,
847 3266 910 3302 cum
934 3251 1102 3320 argumenta

82 3320 119 3372 ad
129 3320 314 3374 stabiliendas
328 3321 482 3374 sententias
496 3338 553 3374 non
568 3322 736 3386 sufficerent,
750 3338 801 3391 pro
812 3324 887 3375 certo
897 3338 953 3374 non
963 3321 1100 3375 vendidit.

153 3395 179 3459 3)
198 3392 322 3445 indicem
338 3392 403 3446 vide
423 3393 499 3461 apud
517 3392 647 3462 Hagen,
667 3393 813 3464 catalogus
832 3392 961 3447 codicum
979 3392 1102 3447 Bemen-

81 3462 153 3516 sium
173 3466 264 3531 (1875)
283 3481 310 3531 p.
326 3470 386 3516 216.

74 3572 78 3577 .
144 3541 174 3598 4)
193 3534 228 3587 cf.
248 3534 434 3602 Dessauer‚
455 3554 482 3606 p.
498 3541 539 3590 64.
