2408 3840
350 166 585 222 DECLAMATIO
600 161 693 224 XVIII
707 166 784 222 4-6.
1007 165 1071 232 325
1145 174 1147 179 ’

56 338 142 396 xima
163 336 329 396 ministeria
351 339 484 413 narrant,
506 337 562 396 boc
584 339 678 395 exteri
699 336 815 413 putant.
861 356 948 396 nemo
971 338 1071 414 peiore

58 426 196 502 exemplo
218 429 327 485 temere
351 426 387 485 (16
409 445 499 484 uxore
518 426 612 485 credit
635 445 724 510 quam
743 427 791 484 cui
809 444 910 485 omnes
931 419 1072 485 credituri

58 518 142 575 sunt
178 532 248 573 sane
272 516 365 574 faciat
391 533 443 574 vos
470 533 579 591 pronos
604 514 643 573 ad
669 516 849 590 suspiciones
877 515 970 573 nimia
997 517 1071 574 cam
1096 541 1100 556 ¹

58 607 122 678 tas,
145 623 180 664 ex
202 604 381 678 inpatientia
404 604 548 680 diligendi
569 605 742 679 plerumque
766 604 932 678 descendat,
955 606 989 662 ut
1011 623 1073 664 ore·

16 712 44 754 's
59 693 115 752 das
142 693 230 752 facile
253 693 332 767 quod
353 694 469 751 timeas.
514 693 626 751 furtiva
649 696 753 768 stupra
778 696 940 769 raptosque
967 684 1072 752 consu*

58 782 142 841 bitus
166 781 277 841 obiciat
294 782 342 840 vel
364 782 440 840 falso
463 782 602 841 maritus:
624 783 670 842 fas
690 785 742 857 est,
765 781 830 841 fieri
847 782 931 855 solet,
954 782 1072 857 parcius

57 874 175 945 tamen,
203 870 229 929 si
250 872 312 928 iam
335 870 375 930 sit
398 874 428 929 et
449 873 554 945 mater,
581 873 661 930 siin
689 870 776 930 fidem
800 871 947 930 castitatis
969 871 1074 929 uxoria

58 959 243 1019 fecimditate
277 959 444 1035 profecerit.
491 960 562 1036 quid
593 960 620 1018 si
652 962 692 1018 sit
723 961 783 1019 iam
819 962 924 1018 iuvene
957 971 1073 1035 quoque

57 1048 123 1107 filio
148 1045 270 1107 severa?
292 1049 354 1106 iam
376 1069 484 1106 nurum
505 1051 685 1124 nepotesque
708 1047 891 1125 prospiciet?
1058 1059 1059 1062 ’

15 1158 65 1200 10·
119 1137 310 1197 Miseremini
331 1139 507 1213 temporum,
529 1157 566 1196 ne
585 1138 699 1196 alienae
721 1137 907 1197 innocentiae
927 1131 1109 1213 interpret

58 1226 208 1286 tationem
231 1226 266 1284 de
290 1229 350 1286 suis
374 1228 498 1303 quisque
520 1227 652 1285 moribus
676 1227 783 1286 trahat.
820 1229 966 1286 incestum
988 1245 1074 1301 posse

58 1315 127 1375 fieri
150 1318 236 1393 pater
257 1315 313 1375 boc
335 1317 398 1375 solo
421 1317 488 1375 vult
510 1316 635 1391 probare
659 1316 738 1390 quod
760 1315 857 1374 filium
879 1317 979 1392 potuit
999 1315 1073 1375 occi*

59 1405 139 1464 dere.
185 1400 317 1479 ‘rumor’‚
339 1407 447 1481 inquit,
471 1399 560 1462 ‘fuit’.
598 1408 636 1479 et,
658 1405 810 1479 Hercules,
833 1407 881 1463 cui
904 1407 1008 1463 contra
1029 1422 1074 1464 re·

57 1515 129 1553 rum
146 1497 294 1567 naturam,
317 1497 419 1553 contra
438 1497 575 1570 parentes
594 1493 760 1570 liberosque
780 1495 924 1553 credatur.
963 1489 1075 1552 ‘rumor

16 1603 45 1645 1⁶
58 1579 140 1642 fuit'
185 1583 242 1642 hoc
265 1602 335 1660 ergo
358 1585 400 1643 sic
423 1583 589 1657 audiemus,
617 1586 771 1658 tamquam
794 1583 820 1643 si
843 1583 974 1642 (11666661ν
996 1578 1078 1641 ‘con--

60 1673 148 1732 scius
164 1671 272 1730 detulit
295 1691 410 1745 servus,
440 1673 593 1730 nuntiavit
615 1672 737 1747 ancilla,
766 1672 936 1746 inprovisus
962 1672 1075 1747 adstiti,

60 1759 133 1818 dum
147 1780 210 1819 non
228 1761 343 1834 timeor,
366 1756 493 1819 adveni.⁷
539 1779 621 1838 rogo,
639 1760 759 1835 iudices,
782 1763 883 1818 utrum
906 1761 1074 1819 credibilius

59 1852 176 1926 putatis
208 1851 353 1908 incestum
385 1849 420 1908 (16
452 1852 547 1908 matre
580 1868 618 1907 an
650 1849 686 1907 de
717 1869 835 1908 rumore
867 1847 1074 1908 mendacium?

59 1938 425 2012 reminpudentissimam
447 1939 575 2014 populus
599 1939 890 2014 loquendofeccrat,
913 1939 1080 2013 nisi'pater

18 2026 245 2088 recredidisset.
290 2029 460 2102 pessimum,
482 2028 603 2102 iudices,
625 2027 823 2086 humanarum
846 2022 991 2086 mentium
1012 2044 1076 2084 ma·

61 2116 126 2175 lum
150 2115 298 2190 estquod
325 2135 441 2191 semper
468 2117 584 2175 avidius
607 2117 736 2176 nefanda
762 2116 924 2193 finguntur,
951 2135 1005 2174 nec
1026 2132 1078 2173 us*

60 2224 154 2282 quam
177 2205 323 2264 samalus
342 2224 448 2280 operae
470 2207 601 2281 pretium
623 2208 732 2281 putant
753 2205 878 2282 maligni
896 2205 992 2263 facere
1016 2200 1077 2263 ser-

59 2311 173 2367 mones,
197 2313 287 2370 quam
306 2314 373 2353 cum
395 2294 581 2354 incredibilia
601 2295 686 2369 quasi
710 2293 890 2369 deprebensa
907 2295 1073 2352 narrantur.

59 2401 180 2443 necesse
203 2385 249 2442 est
266 2385 478 2442 contentiosius
497 2384 630 2458 loquaris
649 2383 728 2459 quod
748 2382 874 2458 probare
893 2401 952 2441 non
970 2383 1074 2458 possis,

18 2493 44 2535 ac
60 2476 92 2531 61
116 2471 354 2531 adfirmationem
376 2474 468 2532 sumit
486 2490 520 2530 en
542 2474 662 2531 bomine
681 2472 821 2547 quicquid
845 2491 907 2530 non·
927 2471 1017 2529 babet
1040 2464 1075 2529 ex

60 2563 197 2620 veritate.
244 2564 289 2620 est
311 2565 412 2619 tamen
434 2562 489 2620 boc
516 2561 737 2637 iniquissimum
759 2561 795 2618 de
819 2562 1000 2635 loquacitate
1022 2579 1075 2635 po-

60 2650 127 2727 puli
155 2649 234 2725 quod
265 2651 439 2727 plerumque
467 2650 601 2710 accendit
629 2651 778 2709 contentio
806 2669 865 2708 non
893 2649 1074 2708 credentium

61 2740 183 2798 famam.
220 2741 377 2797 materiam
399 2741 517 2798 miraris
540 2741 676 2814 rumoris,
700 2739 735 2797 de
755 2759 814 2815 qua
836 2757 922 2796 nemo
946 2756 999 2797 nec
1018 2737 1075 2797 sibi
1096 2731 1112 2769 ³³

135 2909 266 2977 lpeiora
288 2909 415 2979 exempla
435 2918 467 2962 Μ
507 2976 510 2981 ᾗ
558 2911 692 2965 11611616
709 2918 769 2961 ΜΜ
789 2913 867 2978 (corr.
887 2909 915 2973 o)
1005 2912 1075 2960 tex

61 2981 154 3036 Desa:
179 2982 207 3033 et
227 3002 262 3047 o;
284 2983 314 3034 et
334 2992 405 3034 exs
494 2979 620 3050 filabo}
640 2982 663 3050 (6
685 2980 731 3049 cr.)
754 2988 786 3032 Μ
873 2977 1034 3032 luxoriam
1057 2988 1079 3031 v

61 3050 270 3106 8feconditate
289 3061 317 3104 P
386 3051 434 3120 qui
453 3061 491 3119 Μ,
509 3069 576 3106 corr.
591 3072 624 3104 m.
677 3052 714 3104 sit
733 3068 782 3105 om.
802 3060 823 3102 V
891 3055 1077 3103 9murumn

62 3129 96 3192 11
117 3121 236 3190 quisque
255 3140 288 3177 ecc
305 3129 459 3178 correctura
477 3145 509 3176 m
582 3129 614 3175 13
634 3124 675 3176 et:
694 3123 738 3176 est
755 3131 806 3175 VM
875 3121 980 3174 ercules
1000 3119 1078 3186 Μ,11

60 3211 138 3264 supr.
152 3215 184 3246 m
237 3210 329 3248 rerum
347 3212 398 3254 om,
413 3202 450 3261 Μ,
468 3212 544 3264 supr.
558 3215 590 3246 m
655 3200 687 3247 15
705 3196 765 3247 tam
784 3192 866 3262 quasi
883 3202 911 3245 Β
974 3197 1006 3244 16
1026 3191 1076 3244 ad-

61 3265 137 3355 utilit
155 3308 194 3368 33
213 3300 289 3354 adsti
306 3310 328 3352 V
406 3306 437 3354 17
456 3317 585 3384 6611666.ι
600 3311 621 3353 V
697 3306 730 3354 18
749 3299 856 3369 putatis
876 3306 908 3351 Μ
924 3297 1016 3369 (actis
1033 3301 1075 3368 m)

62 3413 96 3463 19
120 3407 290 3476 loquendis
362 3412 396 3462 24
420 3390 608 3462 contentioslis
627 3418 666 3472 133
688 3406 877 3461 contentiosus
896 3417 926 3472 o;
946 3403 1076 3473 compen-

61 3480 196 3544 siosiuss
259 3484 300 3533 ‘27
321 3479 425 3533 accidit
438 3501 473 3546 ω;
492 3496 560 3534 corr.
577 3491 595 3552 6
654 3496 762 3532 nonex
780 3494 834 3530 nen
849 3487 903 3529 B*
947 3481 981 3530 28
999 3474 1075 3529 fama

61 3573 85 3605 ce
157 3550 276 3610 materia
294 3550 391 3604 mirari
410 3571 428 3603 α
1092 3574 1094 3578 >
