2408 3840
119 152 185 216 282
505 151 581 206 ODII
598 149 706 206 ΡΟΤΙΟ
723 149 751 204 II

119 320 201 380 ouius
219 319 366 396 perhanc
385 322 570 398 expugnatus
589 317 726 380 animus?
757 321 823 395 quis
842 318 980 394 queritur
996 315 1122 378 iuvenis?

118 411 184 485 quis
211 407 319 468 senex?
351 410 418 484 quie
445 407 548 468 dives?
580 411 647 485 quis
669 427 783 484 pauper
810 405 910 468 alius?
953 407 986 466 in
1008 409 1041 468 te
1064 425 1123 486 ergo

118 499 181 557 solo
208 497 350 573 venefica,
381 500 414 557 in
441 501 471 557 te
503 501 622 557 tantum
654 497 737 556 aliud
767 498 827 556 ista
859 515 952 572 quam
982 496 1123 556 memtrin

117 587 210 645 vultis
231 587 437 665 integritatem
459 587 576 663 puellae
598 586 731 646 breviter
752 583 897 662 probem?
941 585 1022 646 banc
1045 605 1126 662 quam

116 696 194 736 nuno
220 695 335 752 pauper
361 675 535 750 detestatur,
569 678 702 749 accusat,
733 693 834 733 amare
863 675 978 733 mallet
1027 674 1155 750 omniuo

116 765 237 838 indices,
260 766 401 837 facinora,
424 767 457 822 ni
478 765 577 839 fallor,
600 783 704 824 causas
722 763 771 823 vel
788 764 825 823 de
843 763 1014 839 cupiditate
1032 765 1082 823 vel
1097 763 1126 822 de

117 853 319 914 simultatibus
341 854 473 912 trabunt.
519 853 599 929 quod
622 853 724 913 odium
745 851 782 912 de
804 853 939 911 amatore
961 849 1126 914 meretrici?

118 962 193 1018 quae
215 942 327 1018 praeda
350 942 386 1000 de
408 940 561 1020 paupere?

184 1026 326 1099 ‘Odium’,
357 1033 469 1108 inquit,
493 1025 625 1107 ‘accepi'
672 1031 790 1106 ecquid,
822 1029 950 1104 iudices,
982 1033 1060 1090 satis
1085 1049 1125 1089 mo

117 1124 220 1179 contra
250 1120 407 1179 infamiam
438 1120 545 1180 veneni
575 1121 624 1180 vel
655 1120 752 1179 solnm
783 1119 995 1178 medicamenti
1027 1137 1153 1179 nomene

117 1206 303 1269 absolveret?
347 1228 401 1268 nec
432 1208 566 1283 invenio,
598 1228 651 1268 our
680 1208 786 1269 debeat
815 1207 897 1268 idem
924 1207 1023 1267 videri
1052 1206 1123 1285 quod

118 1317 176 1356 non
198 1301 299 1374 potest
319 1297 399 1356 idem
421 1299 530 1357 vocari.
577 1298 717 1374 agedum,
739 1297 868 1372 iuvenis,
894 1298 1031 1372 potionis
1052 1297 1122 1373 inple

115 1387 203 1445 huius
229 1387 450 1445 inmanitatem:
479 1387 539 1445 dio:
565 1381 679 1445 ‘odium
706 1385 808 1462 accepi
833 1389 939 1445 contra
966 1389 1121 1465 coniugem,

116 1479 219 1534 contra
246 1475 354 1535 liberos
381 1493 475 1550 meos,
503 1479 537 1535 nt
560 1494 578 1534 a
601 1477 693 1534 sacris
719 1493 862 1534 evocarer
887 1474 1070 1550 adfectibus,
1092 1477 1121 1531 nt

115 1564 241 1642 pignora
264 1567 367 1624 sancta
390 1560 589 1640 despicerem'
631 1564 708 1623 illud
729 1563 832 1623 odium
854 1565 886 1621 in
908 1566 1064 1623 meretrice
1083 1563 1147 1621 iac

116 1654 199 1712 cinus
222 1656 268 1713 est
291 1673 348 1728 quo
371 1655 468 1712 ulitur
490 1655 522 1711 iu
545 1653 591 1712 sui
614 1653 778 1712 caritatem.
815 1653 860 1711 ita
881 1652 932 1711 vel
952 1652 1011 1712 hoc
1035 1652 1119 1712 solnm

116 1742 226 1801 sufficit
248 1743 430 1801 excusationi
453 1742 533 1818 quod
555 1742 609 1800 illa
631 1745 735 1801 contra
758 1760 789 1802 se
811 1742 931 1801 tantum
953 1741 1045 1800 dedit

82 1830 96 1883 7
185 1826 327 1905 ‘Odium',
346 1832 455 1907 inquit,
474 1826 605 1906 ‘accepi'
643 1850 721 1891 nuno
738 1833 769 1888 te
786 1830 835 1889 bic
852 1848 987 1906 reposco,
1004 1830 1117 1900 iuvenis,

115 1920 261 1980 invidiam
280 1939 371 1996 quam
393 1920 532 1978 fortunae
554 1923 673 1979 nostrae
695 1920 786 1995 paulo
805 1921 874 1978 ante
891 1919 1033 1979 faciebas.
1067 1917 1117 1977 dic:

115 2004 267 2067 ‘meretrix
294 2009 389 2082 dedit,
417 2010 579 2084 prostituta
606 2003 758 2085 porrexit?
804 2027 821 2067 o
845 2025 938 2083 quam
961 2011 1143 2079 timueramus

114 2118 151 2157 ne
170 2098 294 2180 diceres:
319 2093 510 2157 ‘amatorium
527 2092 593 2157 sui'
631 2116 775 2174 consurge
795 2096 932 2174 agedum,
949 2097 1074 2171 iuvenis,
1092 2096 1117 2153 et

114 2187 187 2246 totis
206 2187 336 2262 corporis
360 2186 510 2262 animique
529 2186 641 2246 viribus
659 2187 740 2262 inple
759 2188 914 2261 susceptae
932 2184 1115 2246 accusationis

114 2277 273 2335 horrorem.
326 2278 371 2335 est
402 2275 482 2351 quod
514 2274 652 2334 audiente
688 2278 755 2334 tota
791 2274 914 2334 civitate
950 2275 1115 2351 proclames:

115 2360 307 2425 ‘miseremini
329 2366 400 2438 mei,
424 2365 578 2438 adiuvate,
601 2364 773 2438 succurrite,
795 2363 858 2422 bibi
880 2362 1115 2424 medicamenbln

116 2454 241 2527 crudele,
265 2472 395 2525 saevum,
417 2452 492 2512 desii
514 2471 629 2529 pauper
652 2472 752 2512 amare
775 2453 969 2512 merebicem
1007 2453 1141 2514 iamim!

115 2561 174 2599 non
200 2541 342 2618 inquietis
371 2541 506 2601 noctibus
534 2559 628 2620 vagus
655 2541 794 2602 vilissimi
823 2541 967 2617 cuiusque
997 2541 1115 2618 perditus

114 2632 213 2706 patior
235 2632 320 2704 ictus,
343 2649 396 2689 neo
420 2632 553 2690 exclusus
573 2634 641 2691 ante
664 2631 854 2707 lupanarium
877 2630 955 2690 fores
975 2633 1115 2706 poscam

186 2817 274 2886 aqui
293 2816 370 2872 dives
389 2827 416 2871 Β
486 2818 535 2886 qui
557 2834 665 2888 pauper
684 2827 735 2871 BV
821 2814 1115 2884 3veneticia13tis

118 2933 169 2976 ves
231 2923 302 2977 alius
321 2933 380 2978 ΒΒ
449 2924 647 2994 ebrevelviter
664 2934 703 2992 ⁸3
722 2906 772 2979 ber
789 2910 833 2978 uit
850 2933 872 2976 v
941 2926 1117 2979 beamont

114 2995 208 3048 enisi
231 3003 286 3060 vec
371 2996 402 3049 ni
421 2994 504 3050 fallor
522 2995 882 3066 restaurandarum]
952 2995 1117 3066 puditatel

116 3067 353 3190 usmuietibssmn
404 3125 524 3188 8quae:
539 3135 594 3189 qno
610 3128 642 3173 Β
693 3117 892 3187 totquidm⁷
944 3125 978 3174 12
997 3119 1081 3190 imple
1092 3127 1114 3168 σε

113 3190 200 3258 impie
219 3213 241 3243 ω
306 3197 339 3244 13
358 3191 449 3260 accipi
466 3201 495 3244 Β
550 3196 584 3244 14
602 3189 758 3245 adfectibus
775 3199 804 3244 Β
867 3195 901 3244 15
919 3192 1115 3249 meabimus

115 3267 147 3315 16
172 3262 344 3330 quodum
413 3262 765 3331 l8ibi1,hiosupr.n
837 3266 869 3315 21
890 3263 1059 3317 utorium!

110 3334 155 3386 sui
175 3345 203 3389 e:
222 3332 278 3388 sibi
296 3355 320 3388 ω
392 3339 426 3388 22
445 3333 602 3403 animisque
622 3343 648 3387 Β
725 3337 759 3386 24
777 3330 843 3386 bibe
861 3342 890 3386 Β
970 3339 1007 3388 Βθ
1023 3328 1114 3404 quie&

91 3470 131 3530 ll,
153 3466 269 3594 {Mem
285 3486 323 3520 ns
419 3443 561 3520 nubebus
581 3468 607 3514 B
696 3461 730 3507 aa
750 3417 901 3519 lapidum
916 3454 1124 3518 mmmm

81 3551 141 3591 W·
199 3556 252 3596 (m.
