2408 3840
374 131 609 188 DEGLAMATIO
627 132 780 188 Vra-14.
1020 133 1081 198 101

71 321 163 378 qnam
196 321 265 362 oum
295 303 403 363 vellem
434 303 595 380 castigare,
629 301 855 377 reprehendere,
889 304 922 361 te
954 303 1085 363 solebam

72 391 206 466 laudare,
228 393 339 450 mirari.

140 480 298 558 Exaggera
316 483 461 557 quantum
478 481 569 555 voles,
583 482 659 540 vitia
676 480 792 539 fratris:
810 479 1134 557 luxuriosum,per-14

74 569 170 628 ditum
190 588 274 645 voca,
297 569 367 628 dum
389 571 465 629 scias
487 572 518 628 te
540 570 583 629 sic
604 571 700 646 magis
722 569 848 644 probaro
870 589 931 628 non
953 571 1085 628 animum

46 659 167 719 afuisse
188 659 285 735 patris
312 659 363 718 scd
390 659 426 717 de
454 658 625 718 calamitate
650 658 803 717 rationem.
850 659 901 716 ille
925 659 1010 734 eligit
1033 660 1084 734 qui

72 748 183 823 recipit
204 749 273 806 ante
295 747 455 811 meliorem.
499 747 550 807 sed
572 765 669 824 parce,
693 765 811 822 quaeso,
833 747 957 822 iuvenis,
981 747 1084 806 adver-

72 855 176 895 sorum
203 838 451 913 interpretationi.
496 855 556 896 non
584 840 630 895 est
656 837 761 896 electio
789 836 916 895 alterum
945 837 1084 913 recipere,
1191 882 1193 889 ,

72 944 143 984 cum
169 927 298 1001 pretium
325 925 463 985 attuleris
490 925 628 1000 duorum,
655 925 813 989 discrimen
840 925 916 984 illud
943 944 1002 983 non
1029 944 1084 1002 ego

72 1015 126 1074 scd
149 1015 250 1089 pirata
267 1017 450 1074 commentus
468 1017 520 1074 cst.
557 1015 698 1090 quicquid
720 1015 800 1073 inter
816 1033 869 1073 vos
888 1016 920 1072 in
938 1015 1084 1073 alterutro

28 1104 187 1179 reiecero,
209 1104 332 1164 affectus
354 1106 400 1162 est
422 1123 480 1179 quo
503 1103 576 1163 duos
600 1122 676 1165 amo.
718 1107 748 1163 et
769 1103 871 1180 homo,
894 1103 974 1179 apud
998 1121 1086 1178 quem

72 1192 156 1250 filius
179 1192 243 1250 sola
265 1193 435 1269 praevaluit
457 1193 557 1270 gratia
579 1193 772 1268 calamitatis,
799 1211 860 1252 non
882 1194 1005 1251 fratrem
1027 1191 1085 1251 tibi

72 1281 220 1356 praetuli,
248 1281 298 1340 sed
327 1281 406 1357 quod
436 1281 469 1338 in
494 1284 527 1340 te
553 1282 642 1340 fratri
671 1282 886 1357 praetulissem.
933 1280 1086 1340 Gonsilum

72 1371 131 1429 boc
157 1373 248 1446 putas
273 1371 364 1432 trisse
391 1368 508 1446 patris?
551 1370 689 1429 fortunae
715 1373 761 1430 est
784 1389 843 1445 qua
866 1372 946 1446 capti
972 1369 1086 1446 pariter

74 1461 162 1533 estis,
189 1478 249 1534 qua
276 1459 414 1519 decubuit
443 1460 532 1534 alter,
560 1478 619 1535 qua
646 1479 706 1518 non
733 1460 884 1519 convaluit
908 1460 1085 1536 redemptus

31 1564 58 1611 ιι
74 1567 144 1607 cum
170 1550 293 1623 propter
320 1548 392 1608 duos
419 1549 564 1624 venerim,
597 1549 676 1624 quod
702 1550 735 1607 in
762 1549 856 1607 altero
885 1549 960 1606 mibi
986 1549 1086 1624 pirata

73 1637 174 1712 cessit,
195 1636 274 1695 idern
292 1641 344 1712 cst,
368 1656 402 1696 ac
425 1638 545 1696 simihi
562 1641 701 1697 neutrum
718 1637 902 1697 reddidisset
944 1638 995 1697 sed
1015 1656 1085 1713 quo·

73 1744 170 1801 usque
192 1726 265 1785 facti
286 1728 346 1785 mei
368 1726 561 1786 dissimulabo
582 1725 752 1786 rationem?
789 1747 877 1804 aeger
900 1727 1009 1786 electus
1033 1730 1085 1785 est.

73 1814 250 1891 respondete
279 1834 371 1890 nunc,
403 1816 429 1874 si
454 1815 585 1875 videtur:
617 1811 812 1890 luxuriosus,
843 1816 977 1892 perditus
1006 1810 1085 1874 fuit'

73 1922 246 1980 parcamus,
269 1922 388 1981 quaeso,
410 1906 579 1979 memoriae,
601 1923 789 1965 revereamur
811 1924 949 1981 suprema
971 1905 1086 1979 cinaris,

34 2013 61 2054 aa
74 1994 243 2070 poeniteret
260 2012 308 2052 me
325 1993 461 2070 fortasse,
480 1995 505 2052 si
523 1996 645 2052 viveret.
680 1996 789 2052 iterum
809 2013 843 2054 ac
861 1997 988 2070 saepius,
1008 1993 1087 2069 quod

74 2099 194 2141 necesse
217 2084 271 2156 est,
292 2085 359 2156 ipsa
381 2082 513 2141 criminis
536 2084 595 2140 mei
617 2101 689 2142 voca
711 2083 866 2142 defendar:
898 2103 1020 2160 aegrum
1041 2103 1086 2140 re-

74 2171 163 2230 demi.
208 2190 268 2230 non
290 2171 402 2230 habent
422 2173 568 2247 profecto,
595 2190 655 2230 non
677 2172 789 2231 habent
811 2172 969 2230 discrimen
991 2171 1086 2246 liberi,

73 2261 134 2319 nisi
157 2259 193 2318 dc
215 2260 400 2334 calamitate,
428 2262 458 2317 ct
480 2261 558 2319 inter
579 2262 714 2320 homines
738 2279 811 2337 quos
835 2264 942 2318 natura
964 2259 1086 2336 pietatis

74 2348 230 2424 aequavit,
258 2348 456 2408 differentiam
482 2350 540 2408 nisi
567 2349 603 2409 da
631 2348 732 2409 dolore
759 2369 819 2408 non
847 2350 982 2425 explices.
1027 2368 1087 2407 non

36 2457 61 2500 ss
74 2457 145 2497 cum
166 2456 227 2496 usu
248 2457 328 2496 nunc
349 2440 461 2514 vestro,
485 2458 543 2498 non
566 2457 635 2497 cum
657 2438 787 2497 moribus
810 2439 925 2514 loquor.
962 2439 1012 2495 ille
1035 2457 1087 2496 an·

73 2527 168 2601 halat,
189 2527 271 2585 illius
293 2529 364 2586 sunt
385 2528 466 2586 lassa
487 2527 626 2602 suspiria,
650 2528 687 2586 ad
709 2527 796 2586 illum
815 2528 908 2586 aerius
926 2529 1003 2586 veni.
1040 2547 1087 2584 ex·

75 2617 218 2693 cogitasti
234 2634 346 2690 rursus,
364 2617 493 2691 fortuna,
512 2616 593 2692 quod
611 2619 843 2692 supercresceret
860 2616 989 2690 caritati,
1008 2615 1087 2691 quod

74 2707 177 2780 posset
208 2704 300 2765 sacris
328 2704 497 2764 nominibus
527 2705 671 2765 accedere.
723 2706 773 2763 hic
802 2706 881 2764 solus
911 2706 1006 2764 maior
1035 2704 1086 2763 ad·

74 2794 173 2853 fectus
196 2795 242 2855 est
264 2813 354 2869 quam
376 2793 452 2853 filios
477 2813 589 2853 amare:
611 2793 667 2852 filii
689 2795 829 2853 misereri.

148 3015 352 3084 lcastigare
342 3033 376 3069 cu
393 3017 597 3086 reprehendere
614 3027 636 3070 V
685 3017 871 3070 8abstulcris
889 3027 921 3069 M
968 3015 1087 3069 salter-

74 3090 155 3142 ntrus
174 3097 208 3152 P,
228 3103 295 3142 corr.
308 3109 330 3148 p
384 3093 417 3142 10
436 3104 491 3156 quo
511 3089 593 3143 duos
613 3105 669 3156 quo
687 3106 735 3142 vos
753 3098 774 3140 v
831 3094 864 3141 12
882 3086 1005 3160 praetuli
1024 3087 1085 3140 sed:

74 3158 258 3228 praetulisset
275 3167 335 3226 ³1⁷3
353 3159 491 3228 praetulit
507 3160 590 3224 sads
644 3157 1034 3225 1o1nem.nr;aareete2

74 3230 171 3299 pirata
188 3247 239 3284 oon.
255 3239 296 3295 M,
314 3248 389 3300 supr
404 3251 436 3283 ns
508 3237 540 3284 16
560 3231 655 3285 cessit:
674 3231 778 3302 {cessit
796 3240 838 3298 113
858 3229 995 3283 concessit
1017 3241 1038 3282 c

74 3301 163 3356 idom.
188 3301 265 3355 idem
286 3311 307 3353 v
321 3305 360 3371 (m
383 3303 441 3356 alic
463 3301 600 3372 manaa&
671 3273 856 3356 reddidisscin
879 3310 907 3354 B
978 3306 1009 3354 17
1034 3299 1087 3353 fati

79 3371 348 3427 vdissimulabo.
368 3371 501 3437 differor
551 3378 584 3426 18
606 3373 715 3427 viderer
733 3383 760 3426 P
812 3378 846 3425 20
864 3372 991 3441 poenitet
1008 3380 1037 3424 B

75 3443 168 3497 vivere
186 3453 215 3496 P
271 3444 359 3513 quod:
378 3444 492 3512 quidem
507 3454 544 3511 M,
562 3444 607 3498 vel
625 3445 701 3512 quod
719 3461 793 3516 supr
808 3465 839 3496 m
900 3449 934 3497 25
954 3442 1055 3498 anelat
1070 3451 1092 3494 v

76 3520 111 3568 28
128 3514 221 3584 possit
237 3524 266 3568 Β
334 3515 434 3580 hincs
