2408 3840
15 208 23 225 ,
107 161 178 224 136
416 160 622 223 ΤΟΒΜΕΝΤΑ
640 158 818 214 PAVPERJS

110 331 248 388 fortassis
272 329 386 404 aliquid
408 329 440 387 in
462 349 530 389 mea
550 330 646 388 morte
669 329 795 388 fecisset.
832 327 983 402 confiteor,
1004 325 1128 402 iudices,

113 419 188 477 nihil
215 422 288 477 tunc
316 419 467 478 oeidorum
494 437 627 477 meorum
654 418 826 496 diligentia,
859 417 935 475 nihil
962 417 1026 494 egit
1056 435 1128 476 cura

111 509 213 567 miseri
234 509 338 584 patris.
383 525 537 583 percussor
560 508 657 565 voluit
680 509 809 584 agnosci.

179 597 240 656 Vos
264 615 349 670 nunc,
373 598 460 670 cives,
483 614 550 668 vos,
573 613 674 654 ornnes
697 597 820 655 humani
843 595 958 672 generis
981 594 1126 668 adfectus,

112 688 294 745 miserrimus
321 687 473 762 interrogo
498 688 591 760 pater.
638 683 761 744 suadete
785 684 857 760 quid
884 685 1003 743 faciam.
1048 684 1126 759 hupc
1151 701 1163 741 s

113 795 202 850 quem
224 775 333 834 ridetis
357 777 435 833 circe
457 794 504 833 me
528 775 716 851 sanguinem,
744 773 779 832 de
804 773 861 832 filii
882 772 1056 833 vulneribus
1080 791 1125 831 ex·

107 867 186 940 cepi.
231 864 278 924 his
307 864 445 922 manibus
476 863 604 922 labentis
634 863 715 921 unici
743 863 879 922 membra
911 860 1050 921 sustinui.
1095 863 1127 919 in

113 955 204 1013 oculis
229 954 325 1013 adhuc
347 953 448 1012 uultus
470 953 522 1010 1110
545 951 712 1025 morientis,
739 952 862 1010 haerent
889 951 1013 1010 auribus
1034 950 1127 1009 verba

113 1063 200 1119 super
228 1042 354 1102 cadaver
382 1041 486 1101 habita
514 1042 675 1100 exultantis
707 1041 830 1099 inimici.
875 1038 964 1099 fidem
995 1042 1127 1098 tormen·

111 1133 223 1191 torum!
249 1149 401 1206 quousque
418 1132 599 1207 percussoris
617 1129 673 1188 filii
690 1131 750 1188 mei
763 1130 897 1188 conscius
912 1127 982 1187 ero?
1011 1129 1127 1204 aperite
1140 1146 1164 1187 10

111 1225 215 1296 pectus
238 1209 320 1279 istud
343 1222 373 1279 et
399 1221 498 1278 totum
520 1219 556 1277 de
578 1219 740 1278 visceribus
762 1220 836 1279 meis
863 1216 990 1277 latronis
1015 1219 1127 1294 egerite

113 1312 265 1369 secretum.
311 1309 387 1382 ridi,
415 1311 445 1367 et
471 1308 546 1367 mihi
572 1326 631 1366 non
660 1308 798 1366 creditur.
843 1307 920 1381 vidi,
947 1308 994 1365 ita
1014 1307 1128 1382 possim

114 1402 144 1457 et
170 1399 201 1457 in
228 1399 384 1457 tormentis
411 1397 491 1456 idem
518 1397 622 1456 dicere.
669 1399 723 1455 aut
750 1398 776 1456 si
805 1414 951 1472 conpone,
982 1395 1009 1454 si
1036 1394 1128 1472 finge,

112 1507 191 1562 urar,
213 1489 333 1561 lacerer,
356 1489 387 1546 et
409 1505 468 1545 non
486 1486 615 1563 probem.
653 1487 679 1544 si
700 1486 828 1560 videtur,
849 1484 1033 1561 torquendus
1053 1503 1128 1558 sum,

112 1577 238 1650 iudices,
265 1580 299 1635 ut
325 1577 382 1634 hoc
409 1576 543 1634 desinam
570 1574 674 1634 dicere.
719 1593 774 1634 nec
801 1595 860 1649 me,
890 1573 1016 1648 iudices,
1046 1574 1165 1632 fallitrs

115 1667 258 1740 quantam
284 1666 395 1724 molem
422 1664 618 1724 accusationis
644 1666 736 1723 etiam
757 1666 790 1722 in
816 1664 977 1724 manifesta
999 1664 1127 1722 veritate

114 1756 299 1829 susceperim.
345 1752 470 1812 divitem
493 1753 587 1811 detuli
608 1773 693 1813 reum
717 1773 832 1829 pauper
857 1753 1009 1826 inimicus,
1036 1753 1129 1811 occisi

113 1846 209 1917 pater,
236 1846 266 1901 et
291 1844 425 1918 postulo,
452 1844 487 1901 ut
506 1843 584 1901 mihi
611 1842 749 1901 credatur
775 1841 981 1901 testimonium
1005 1843 1038 1898 in
1061 1860 1129 1900 mea

115 1931 243 1990 orbitate
266 1931 384 1990 dicenti.
421 1932 524 2006 itaque
547 1951 607 1990 non
631 1930 780 2006 deprecor,
803 1932 961 2006 quominus
984 1930 1062 1988 mihi
1079 1949 1128 1990 10-

115 2022 178 2079 11111
198 2022 296 2093 irasci,
319 2021 411 2080 donec
428 2020 559 2096 probem.
595 2022 733 2095 torquete
751 2021 907 2095 tamquam
924 2019 1127 2078 mentientem.
1140 2036 1166 2076 sc

75 2125 98 2181 4
183 2108 252 2184 Lex,
265 2109 372 2184 inquit,
385 2109 512 2168 liberum
529 2109 679 2167 hominem
692 2109 825 2184 torqueri
837 2109 929 2168 vetat.
959 2127 1013 2183 per
1029 2107 1129 2181 fidem,

116 2198 239 2272 iudices,
267 2200 332 2273 quis
359 2217 419 2256 non
445 2199 501 2257 hcc
528 2217 595 2257 eum
621 2197 797 2273 respondere
828 2197 929 2256 credat
956 2198 1041 2256 errius
1067 2200 1129 2256 tor

114 2291 214 2346 menta
237 2285 416 2362 poscantur?
461 2287 585 2361 nemini,
608 2287 734 2362 iudices,
761 2286 847 2346 oredo
870 2285 1007 2361 dubium,
1031 2287 1129 2364 legem

116 2396 191 2451 quae
209 2375 341 2452 torqueri
360 2375 486 2434 liberum
503 2375 653 2435 hominem
671 2377 762 2450 vetat,
785 2376 841 2434 hoo
859 2375 1044 2453 prospexisse
1063 2379 1127 2434 tan·

115 2469 188 2539 tum,
211 2484 247 2523 ne
271 2467 337 2541 quis
359 2467 547 2540 torqueretur
569 2465 689 2539 11111111,
714 2467 744 2523 01
765 2466 832 2522 iura
855 2483 931 2540 quae
952 2482 1008 2523 nos
1031 2483 1052 2523 a
1071 2480 1166 2524 ser-ss

114 2555 221 2614 vilium
243 2572 400 2629 corporum
421 2554 591 2612 condicione
609 2555 773 2627 secernunt,
795 2553 991 2630 inpatientiae
1008 2556 1129 2613 tantum

115 2644 291 2703 succurrisse
317 2642 490 2701 nolentium.
536 2642 668 2702 omnium
695 2642 902 2701 beneficiorum
931 2642 991 2702 ista
1019 2646 1129 2702 natura

115 2735 169 2808 est,
190 2735 302 2791 utnon
320 2732 360 2790 sit
381 2734 548 2807 necessitas,
571 2732 621 2791 sed
643 2733 783 2809 potestas.
821 2731 963 2807 quioquid
980 2733 1013 2789 in
1035 2733 1129 2792 hono

114 2842 177 2880 rein
192 2820 316 2880 alicuius
335 2821 488 2881 inventum
507 2823 560 2895 est,
575 2821 689 2880 desinet
706 2821 897 2898 privilegium
914 2822 1016 2879 vocari
1032 2839 1129 2896 possa

116 2914 141 2970 si
160 2929 255 2988 cogas.
290 2913 406 2985 cuncta,
425 2911 451 2969 si
469 2911 596 2986 videtur,
613 2912 680 2968 iura
698 2911 869 2986 percurrite,
888 2927 1037 2984 nusquam
1055 2910 1129 2970 adeo
1141 2926 1166 2967 ss

115 3019 169 3076 pro
192 2999 278 3058 nobis
305 2999 433 3059 sollicita
457 3000 503 3058 lex
532 3001 588 3075 est,
616 3001 651 3057 ut
673 2998 753 3074 quod
775 3000 921 3073 praestat,
945 3001 1130 3076 extorqueat

188 3223 317 3276 3miseri
330 3220 432 3291 patris:
451 3219 508 3274 mei
521 3221 629 3289 patiss
683 3219 826 3275 ilabenti
839 3229 867 3272 Β
918 3181 1009 3274 unici:
1028 3221 1132 3275 unios

116 3299 133 3347 8
152 3293 213 3348 111οε
233 3293 309 3347 illius
328 3303 358 3360 νς
376 3291 450 3345 filius
470 3305 497 3359 s,
515 3291 560 3345 illi
578 3305 598 3345 1
668 3297 699 3345 11
719 3291 842 3346 latrones
858 3300 887 3344 Β
958 3295 992 3344 13
1011 3291 1037 3345 si
1055 3308 1131 3346 oom-

116 3382 202 3436 pono:
222 3365 247 3419 si
265 3383 315 3420 om.
331 3375 364 3433 P,
382 3381 457 3434 supr.
470 3384 492 3424 ρ
582 3369 616 3417 10
633 3363 792 3432 torqueris
878 3363 1026 3430 tamquam
1042 3378 1096 3419 our.
1113 3371 1135 3414 1·

112 3455 309 3598 Ξο110101111310
327 3481 355 3524 Β
416 3476 449 3524 31
468 3472 596 3540 praestat
613 3471 745 3538 torqueat
763 3471 929 3538 extorqueat
946 3477 980 3538 Ρ,
998 3470 1133 3538 torqueat

134 3560 163 3598 e.
180 3561 253 3599 man.
