2408 3840
120 179 162 244 10
455 174 796 230 raemsemnarvs

118 347 234 407 iuvenis
267 346 305 405 ad
335 344 529 423 parricidium
556 363 609 405 suo
640 347 828 422 potissimum
860 339 959 422 gladio
987 347 1128 404 uteretur.

117 437 259 495 nimirum
281 436 357 495 illud
378 435 411 493 in
433 437 563 493 mentem
585 437 668 493 venit
690 435 743 511 qui
766 436 830 493 erat
856 434 1021 492 relicturus.
1059 452 1130 492 nam

119 527 145 585 si
168 527 298 584 alienum
322 528 351 583 et
372 526 510 602 ignotum
531 525 564 581 in
581 524 702 582 vulnere
724 524 819 601 patris
842 523 976 600 gladium
992 523 1129 598 reliquis-

119 618 173 689 set,
195 615 336 691 potuerat
358 613 394 671 de
417 631 588 690 percussore
611 611 751 671 dubitari.
787 613 836 670 hic
855 612 959 671 attulit
976 628 1073 686 suum,
1095 615 1130 670 ut

7 722 9 727 ¹
119 704 236 763 etiamsi
263 704 418 778 evasisset,
450 705 551 761 tamen
579 702 657 761 ferro
687 721 740 761 suo
767 704 924 761 teneretur.
971 720 1023 760 cur
1049 719 1128 778 ergo,
1155 718 1168 760 s

118 793 226 868 inquis,
250 793 385 870 gladium
407 792 439 848 in
462 791 596 850 cubiculo
619 792 671 849 tuo
693 788 845 849 habebas?
874 791 945 866 quia
966 789 1130 849 habueram

84 882 90 928 ἶ
119 901 242 959 semper,
265 882 336 957 quia
358 898 465 940 usurus
488 880 540 938 illo
559 897 619 939 non
637 898 726 938 eram.
764 880 875 937 fenum
895 897 949 956 ego
968 870 1128 954 parricidio

117 990 183 1030 meo
207 973 254 1030 tot
277 972 345 1028 ante
369 988 461 1029 annos
484 968 661 1045 praeparavi
688 971 719 1026 et
741 968 903 1028 secundum
929 968 1018 1026 illum
1041 987 1129 1044 quem

118 1059 255 1119 minabar
277 1060 359 1134 patri
380 1053 564 1136 (gladium),
587 1057 704 1116 tamdiu
727 1057 866 1116 innocens
884 1057 936 1115 fui.
974 1075 1029 1133 ego
1044 1076 1129 1115 eram

117 1149 196 1207 ferro
221 1166 255 1206 ac
277 1149 375 1205 mente
398 1149 534 1221 paratus,
562 1149 593 1204 et
614 1149 661 1205 tot
685 1146 782 1205 abiere
805 1144 928 1206 noctes?
974 1149 1042 1205 ante
1065 1147 1129 1224 gla-
1142 1165 1167 1207 io

118 1238 201 1295 dium
223 1237 309 1295 illum
331 1235 509 1294 familiarem
533 1236 625 1294 oculis
647 1237 715 1293 tuis.
730 1235 797 1309 feci,
820 1238 889 1293 ante
912 1234 1047 1294 omnibus
1070 1253 1129 1294 ser·

117 1326 196 1385 vulis
223 1327 336 1383 notum.
382 1324 525 1400 pependit
550 1324 582 1381 in
606 1324 754 1398 cubiculo,
777 1327 931 1399 tamquam
953 1325 1037 1383 testis
1061 1342 1129 1382 con·

118 1415 259 1474 scientiae
272 1433 364 1487 meae,
383 1414 493 1490 palam,
511 1414 544 1470 in
557 1413 664 1487 medio,
678 1413 875 1491 neglegenter,
890 1414 932 1472 sic
946 1414 981 1471 ut
994 1413 1130 1473 subtrahi

117 1505 225 1580 posset.
262 1521 322 1562 non
343 1503 431 1561 illum
454 1502 632 1560 conscientia
653 1501 772 1578 trepida
794 1503 913 1562 velavit.
955 1504 1019 1560 tam
1040 1504 1129 1561 notus

118 1594 150 1650 in
179 1591 313 1651 cubiculo
345 1591 406 1649 fuit
429 1609 518 1666 quam
541 1593 668 1649 caecitas
694 1591 814 1649 domini.
861 1592 995 1666 quisquis
1018 1591 1167 1650 fernim-re

117 1683 277 1758 praeparat
300 1681 416 1755 sceleri,
440 1682 482 1738 sic
504 1679 579 1737 illud
601 1679 704 1753 habet,
727 1683 762 1738 ut
783 1682 879 1756 possit
901 1699 988 1739 suum
1010 1699 1128 1757 negare.

82 1770 101 1824 9
185 1770 291 1828 Ponite
318 1787 398 1827 nunc
425 1771 494 1827 ante
522 1768 622 1828 oculos
649 1771 749 1828 actum
775 1769 941 1845 parricidii,
969 1767 1129 1844 deprehen·

119 1858 194 1918 detis
223 1857 438 1916 difficultatem.
485 1857 561 1917 donc
588 1857 677 1933 illud,
705 1857 775 1916 dum
798 1877 816 1915 a
839 1877 892 1918 suo
919 1858 1021 1916 limine
1047 1877 1129 1935 egre·

118 1948 209 2023 ditur,
232 1946 302 2005 dum
320 1938 388 2006 illos
412 1964 486 2021 quos
505 1947 618 2021 accepit
641 1952 771 2022 epatre,
794 1948 926 2006 servulos
949 1947 1039 2021 fallit,
1063 1965 1128 2006 ecce

118 2037 287 2096 cubiculum
310 2037 387 2095 senis
410 2034 525 2094 invenit
545 2035 714 2111 aliquando,
737 2054 803 2095 ecce
825 2037 923 2112 paries
941 2035 994 2094 ille
1012 2036 1129 2111 defecit,
1142 2054 1167 2095 rc

118 2129 149 2185 et
175 2127 355 2202 percussoris
383 2143 488 2182 manus
516 2125 614 2183 subito
642 2125 792 2200 destituit,
820 2142 931 2184 cessere
957 2125 1036 2184 fores
1064 2125 1127 2184 sine

118 2215 254 2290 strepitu,
277 2213 348 2289 quid
371 2216 475 2290 postea
494 2212 577 2290 agit?
599 2215 702 2272 utrum
719 2214 818 2290 ipsum
836 2213 966 2273 cubiculi
983 2215 1129 2289 parietem

118 2304 266 2378 circumit,
292 2322 331 2361 an
354 2321 384 2361 se
408 2303 569 2362 committit
590 2304 622 2360 in
644 2303 775 2362 medium
797 2305 829 2362 et
850 2321 903 2380 per
925 2304 1024 2379 spatia
1046 2305 1128 2362 tene

116 2392 238 2454 brorum
269 2395 416 2451 armatam
446 2411 568 2449 manum
598 2389 713 2450 iactat?
763 2410 827 2450 ecce
858 2392 953 2468 patris
985 2392 1128 2451 lectulum

117 2485 200 2541 tenet
219 2483 248 2540 et
270 2482 331 2539 iam
354 2481 564 2538 dormientium
588 2480 735 2539 anhelitus
753 2481 911 2540 imminens
929 2481 1027 2556 audit,
1049 2480 1129 2539 unde
1143 2499 1169 2540 ss

117 2574 192 2630 sciet
216 2588 275 2646 quo
298 2569 410 2646 dirigat
431 2567 563 2627 ferrum?
586 2580 674 2644 quem
697 2569 798 2646 potius
821 2569 910 2628 feriat
933 2588 968 2628 ex
991 2567 1129 2629 duobus?

116 2659 279 2735 temptavit
305 2676 375 2736 ergo
401 2657 502 2717 vultus
530 2660 561 2715 ct
587 2660 690 2734 pectus
723 2656 893 2717 obiectum?
924 2658 1130 2720 brevissimam

117 2751 267 2824 periturae
290 2748 407 2805 animae
425 2746 506 2806 viam
529 2746 666 2822 quaerit?
690 2750 720 2806 et
739 2750 867 2823 quantus
891 2748 949 2806 erit
971 2764 1060 2826 sopor
1078 2749 1130 2824 qni

189 2923 204 2968 2
224 2915 557 2970 nimirum—relicturus
576 2933 626 2970 cm.
642 2929 663 2970 c
732 2917 781 2986 qui
800 2938 818 2970 α
836 2919 879 2987 (iu
897 2917 973 2985 quod
991 2933 1059 2973 corr.
1074 2919 1128 2986 m),

118 2987 185 3056 quia
205 3001 235 3051 cy
306 2989 453 3056 4p0terat
471 2997 508 3054 M,
527 3005 547 3040 u
564 3005 638 3057 supr.
653 3009 685 3041 m
757 2993 879 3043 leram:
904 3004 937 3054 ea
955 3004 1032 3041 eram
1050 2997 1078 3042 Ρ

119 3058 286 3128 9gladium
309 3060 372 3113 add.
393 3061 431 3113 Η.
453 3077 481 3129 p.
498 3063 549 3126 50;
572 3062 606 3127 cf.
626 3061 704 3114 Dess.
719 3076 749 3129 p.
765 3064 803 3113 87
889 3064 922 3112 10
946 3061 987 3114 et:
1011 3065 1026 3113 ὁ
1048 3069 1077 3113 Β

118 3130 225 3184 abiere:
245 3130 371 3184 abiecere
393 3140 423 3196 νς
443 3130 520 3184 abire
539 3141 566 3183 Ρ
618 3136 650 3183 11
670 3131 727 3184 tuis
746 3130 850 3185 occulis
873 3139 894 3183 V
950 3136 983 3184 12
1002 3131 1032 3184 in
1051 3131 1129 3184 cubi-

118 3201 181 3255 culo
199 3217 261 3254 mec
279 3211 305 3253 J
357 3206 388 3255 13
407 3204 441 3254 ut
458 3219 507 3256 om.
524 3212 566 3270 M,
585 3219 659 3271 supr.
674 3223 706 3254 m
767 3208 799 3256 17
818 3201 914 3256 oculos
934 3204 1029 3256 actum
1047 3219 1097 3257 om.
1112 3212 1133 3254 ι’

119 3312 151 3360 18
179 3307 345 3361 facultatem
372 3317 414 3374 M,
442 3325 510 3363 corr.
534 3329 566 3361 m
638 3290 682 3362 su⁰
706 3318 727 3362 V
813 3315 846 3363 23
874 3309 974 3363 circuit
1001 3319 1043 3377 M;
1076 3309 1129 3364 cir-

69 3457 72 3462 ,
119 3377 250 3432 cuerits
304 3385 338 3432 24
356 3379 490 3433 lectulum
509 3380 598 3449 patris
617 3389 651 3433 Μ
705 3386 739 3434 25
758 3383 787 3436 et
805 3380 874 3435 iam:
895 3396 958 3435 ecce
977 3381 1035 3437 iam
1054 3383 1092 3436 H.

118 3484 258 3538 ameum
282 3485 480 3541 dormientium
504 3495 535 3540 rr
618 3470 745 3540 imminet
767 3497 795 3541 a
879 3493 912 3541 rc
934 3489 1006 3543 sciar
1030 3497 1094 3551 my

108 3571 179 3618 quo:
198 3573 311 3623 quoque
330 3572 348 3622 β
407 3565 454 3619 ,27
475 3558 617 3614 obiectum
636 3572 678 3623 βγι
698 3557 800 3613 obiecit
819 3571 859 3612 uo*
