2408 3840
314 147 620 214 DECLAMATIONES
639 158 819 230 xvlsssxlx.
1008 159 1074 221 429

53 331 132 390 mihi
155 332 250 389 restat
272 329 403 403 affectus,
426 331 486 388 nisi
509 333 543 387 ut
565 330 666 386 omnia
690 328 823 401 audiam,
848 329 949 386 omnia
971 328 1074 387 feram.

53 420 135 479 unde
157 421 253 497 magis
278 417 409 477 admiror
431 418 512 494 quod
538 418 645 475 mulier
672 417 793 492 pudoris
822 418 975 475 silentium
998 417 1075 474 ferre

54 527 117 568 non
145 511 245 584 potest
271 526 442 583 novumque
469 509 677 582 impatientiae
705 525 798 584 genus
830 508 917 581 quasi
944 505 1074 583 colligat.

53 600 193 674 queritur
216 598 252 655 de
275 597 386 672 populo
410 596 491 671 quod
512 595 666 671 loquatur,
695 595 731 654 de
756 598 841 671 patre
865 595 945 670 quod
967 598 1075 654 taceat.

22 688 101 750 cM.
122 687 243 745 nullane
261 690 366 758 mater,
389 685 421 743 P.
442 684 481 758 0.,
506 685 579 744 adeo
598 685 704 743 infelix
721 685 787 758 erit,
810 688 845 743 nt
863 703 917 759 pro
936 683 998 742 filio
1022 702 1075 742 suc

52 796 150 835 unum
169 777 276 835 saltem
289 775 413 834 verbum
426 794 487 833 non
502 773 623 832 audiat?
656 775 773 832 nullum
787 774 882 832 maius
897 773 1012 832 facinus
1032 775 1077 832 est

54 885 149 941 quam
166 867 200 924 in
213 866 269 923 hac
285 882 375 924 causa
389 864 549 923 silentium.
587 862 671 922 siita
685 863 832 922 silendum
846 866 900 937 est,
918 862 953 920 de
967 866 1075 921 mater-

52 957 154 1013 nitate
178 957 278 1013 actum
301 957 353 1012 est.
401 972 453 1012 cur
474 950 576 1012 taces?
617 953 650 1010 P.
669 972 793 1025 novum,
815 951 942 1024 iudices,
965 954 1075 1011 crimen

55 1043 167 1104 audite.
210 1043 362 1102 silentium
385 1045 430 1100 est
453 1041 533 1117 quod
552 1046 679 1101 accusat.
725 1040 836 1100 crimen
860 1040 967 1099 mulier
989 1042 1077 1100 vocat

10 1157 39 1197 xo
55 1132 139 1208 quod
162 1132 267 1207 priscis
286 1131 449 1206 primisque
472 1131 636 1190 rectoribus
654 1132 753 1206 prima
772 1130 832 1188 fuit
849 1131 953 1188 virtus.
997 1130 1076 1204 quis-

55 1223 125 1298 quis
145 1222 181 1280 de
200 1223 317 1280 tacente
335 1222 478 1296 queritur,
496 1220 591 1278 multo
610 1220 708 1278 minus
727 1221 805 1278 ferre
823 1219 935 1294 poterit
953 1220 1077 1293 loquen-

56 1313 127 1370 tem.
169 1311 214 1368 M.
235 1310 307 1385 quid
335 1310 442 1368 saltem
471 1309 546 1367 dixit
572 1307 674 1367 filius?
715 1307 830 1384 aliquid
857 1309 931 1366 mihi
959 1308 1076 1367 locutus

56 1402 111 1459 est.
153 1401 186 1457 P.
205 1401 300 1474 ipsius
323 1400 439 1458 animus
463 1400 562 1473 potest
580 1398 654 1457 scire
677 1399 751 1474 quid
774 1397 890 1472 dixerit,
914 1399 966 1473 qui
989 1399 1077 1472 putat
1164 1408 1166 1411 ’

55 1509 105 1548 me
119 1489 227 1547 habere
247 1487 320 1563 quid
334 1487 439 1546 dicam.
476 1487 572 1547 nescis
589 1486 735 1562 improba.
772 1488 856 1562 prius
875 1491 920 1546 est
936 1506 1077 1562 quaerere

10 1601 40 1643 15
56 1599 98 1639 an
131 1578 246 1653 aliquid
275 1577 390 1636 dixerit.
437 1576 511 1653 quid
538 1575 606 1636 ait?
647 1577 728 1635 itane
758 1577 790 1634 in
820 1579 915 1636 morte
944 1576 1001 1634 filii
1032 1576 1078 1633 tui

56 1667 136 1726 nihil
165 1667 247 1726 aliud
270 1666 308 1724 ad
338 1670 369 1725 te
397 1667 527 1742 pertinet
558 1685 649 1742 quam
679 1665 752 1741 quid
781 1666 898 1724 locutus
930 1663 990 1724 sit‘?
1031 1666 1076 1723 M.

56 1759 161 1816 omnia
179 1760 266 1830 certe,
285 1755 414 1814 sednon
433 1757 533 1816 omnia
551 1759 684 1832 prosunt.
716 1755 797 1814 istud
819 1755 939 1830 quidem
957 1773 1011 1829 pro
1031 1775 1077 1812 me
1135 1827 1136 1830 Ἴ

57 1848 162 1904 staret.
203 1846 236 1903 P.
252 1847 282 1903 et
296 1844 376 1903 istud
389 1864 443 1920 pro
457 1865 504 1904 me
523 1845 624 1918 stabit,
642 1848 677 1902 ut
695 1844 810 1921 aliquid
824 1846 930 1903 secreti
943 1843 1077 1901 habeam.

59 1936 88 1992 si
112 1936 178 2008 quis
200 1938 231 1993 te
253 1934 465 2009 interrogaret,
495 1934 618 1992 haberes
647 1933 763 2009 aliquid
789 1933 868 2009 quod
897 1951 957 1991 non
979 1931 1077 2007 publi-

10 2047 41 2088 ao
59 2040 152 2081 cares.
194 2023 309 2081 nullum
331 2025 395 2081 sine
419 2023 600 2082 conscientia
617 2025 739 2098 postue,
763 2021 879 2080 nullum
902 2021 965 2080 sine
988 2038 1078 2079 cansa

57 2110 182 2171 tacendi
203 2130 294 2189 genus
321 2109 512 2188 perseveras?
554 2115 666 2188 quanto
689 2112 795 2170 melius
822 2112 923 2185 ipsum
946 2110 1078 2185 adiisseS,

57 2204 159 2276 ipsum
182 2202 379 2260 communiter
401 2204 497 2259 mater
518 2219 661 2277 rogasses.
703 2201 748 2258 M.
768 2201 794 2258 si
817 2201 975 2273 affuissem,
1001 2199 1078 2258 dics-

58 2293 144 2348 retur
176 2289 255 2365 quod
285 2291 315 2347 et
345 2309 399 2367 ego
432 2289 653 2348 interfecissem.
696 2289 769 2365 quid
799 2289 874 2347 dixit
903 2287 1004 2347 filius?
1044 2289 1078 2346 P.

59 2379 154 2456 pudet
176 2399 223 2438 me
242 2379 322 2455 quod
340 2380 405 2438 sola
421 2379 454 2436 id
477 2381 603 2455 quaeris.
645 2378 781 2437 omnibus
805 2378 872 2436 aliis
890 2378 952 2435 iam
974 2378 1077 2452 liquet.

12 2489 44 2531 25
59 2469 107 2527 vis
140 2471 213 2527 scire
244 2468 316 2542 quid
346 2467 442 2526 dixit?
487 2468 562 2525 nihil
592 2467 674 2526 dixit.
726 2469 771 2525 M.
796 2487 848 2526 cur
877 2467 953 2524 nihil
983 2464 1079 2524 dixit?

59 2559 94 2616 P.
115 2560 264 2631 quianon
286 2556 392 2615 habuit
411 2556 489 2632 quod
508 2557 590 2616 scire
601 2557 717 2631 vellem,
742 2557 821 2631 quod
839 2556 914 2615 seire
933 2554 1077 2613 deberem.

60 2648 180 2723 quaeris
218 2643 332 2721 quara?
372 2645 548 2721 torquebam
568 2664 640 2704 nec
674 2646 903 2723 interrogabam.
949 2647 995 2703 M.
1019 2664 1079 2702 non

60 2734 152 2794 habes
175 2736 231 2793 hoo
250 2735 354 2793 dicere.
397 2735 531 2810 superius
551 2737 673 2810 torsisti,
696 2738 731 2793 ut
749 2737 898 2794 invenires
923 2733 995 2809 quid
1018 2751 1079 2793 cre·

61 2824 153 2883 dercs.
196 2823 243 2881 dic
271 2823 342 2899 quid
365 2822 528 2882 invenisti?
557 2825 605 2883 dic
629 2825 701 2899 quid
724 2822 821 2883 dixit?
861 2825 894 2881 P.
913 2825 960 2882 vis
983 2820 1080 2882 scire?

10 2937 44 2980 ao
61 2913 139 2973 dixit
162 2913 347 2972 calamitates
369 2913 557 2972 incredibiles
576 2915 637 2972 suis
661 2914 757 2973 causis
775 2913 984 2988 relinquendas
1009 2930 1078 2971 esse.

61 3003 108 3061 M.
127 3002 256 3078 minime.
299 3003 375 3079 elige
399 3006 500 3060 utrum
523 3005 631 3076 mavis,
656 3006 892 3077 auttormenta,
916 3005 968 3060 aut
991 3002 1079 3060 silen-

62 3160 277 3170 ‘mm-..q-

136 3261 295 3315 iadmiror
316 3280 367 3315 coa
388 3271 415 3315 R
524 3261 652 3329 tquasi:
680 3261 742 3329 quis
767 3282 788 3312 ω
897 3260 1008 3328 tquod
1037 3268 1082 3311 VB

62 3339 78 3387 7
100 3333 252 3386 silendum:
273 3333 417 3386 silentium
440 3342 485 3385 l‘B
564 3333 640 3401 quod
660 3332 693 3385 de
709 3342 736 3386 R
820 3337 854 3386 14
871 3331 955 3399 quid:
973 3331 1046 3396 quis.
1063 3340 1085 3379 v

63 3410 98 3458 16
118 3405 200 3474 quide
220 3404 268 3472 qui
282 3413 310 3458 ιι
374 3409 408 3458 19
427 3404 629 3477 interrogetis
693 3410 730 3458 ‘ab
751 3404 850 3457 causis
867 3411 919 3454 VB
980 3405 1024 3447 Ἃ
1037 3409 1128 3458 W*

56 3475 204 3528 severat?
238 3481 292 3528 '22
311 3475 348 3528 ad
367 3476 466 3549 ipsum
487 3490 514 3534 R
601 3481 700 3536 mater
721 3496 779 3534 ocu.
795 3485 825 3533 R
904 3474 948 3521 ‘nh
966 3463 1055 3530 affl
1067 3471 1138 3504 ”m

43 3539 336 3622 hairibdeberem
356 3555 449 3608 enutri
469 3555 656 3613 tributarie
736 3557 777 3606 si
796 3546 902 3613 mains
922 3545 977 3611 vl}
1053 3569 1055 3572 -
