2408 3840
386 109 620 167 DECLAMATIO
638 109 678 164 IV
691 116 768 164 3-5.
1036 110 1076 175 71

63 281 106 341 ad
130 281 219 341 illam
247 282 345 357 ipsam
372 299 431 354 qua
457 280 576 339 fortiter
602 280 697 339 facere
723 283 908 356 poteramus,
940 282 1077 338 aetatem.

66 373 154 446 pater
179 387 251 428 vero
278 369 403 444 periculi
425 368 481 431 ,sui
508 368 744 433 denuntiatione,
760 387 819 428 non
843 370 967 429 territus
994 387 1078 428 arma

69 460 142 519 mibi
167 490 207 500 —
232 477 286 535 pro
309 459 405 517 tristis
426 458 599 517 necessitas!
622 489 666 498 —
689 475 772 539 arma
799 459 863 533 ipse
886 457 1078 517 circumdedit

68 551 100 608 et
120 549 183 608 suis
204 548 245 606 ad
266 565 399 624 pugnam
420 547 557 609 manibus
580 546 710 622 aptavit,
737 549 892 621 tamquam
915 547 1078 606 methema-

26 658 55 707 ,u
68 638 127 697 tico
153 637 216 696 iam
245 635 425 702 credidisset.
471 634 537 711 quis
563 636 688 694 miretur
711 635 797 710 quod.
818 653 993 711 responsum
1019 655 1079 696 non

66 727 292 802 contempserit,
319 725 391 785 dum
418 724 572 800 sperabat,
600 726 635 783 ut
664 724 782 803 fortiter
811 722 959 786 facerem?
1003 725 1079 784 mori

64 835 114 875 me
141 833 204 877 non
230 814 310 887 vult,
336 817 367 873 et
388 816 450 873 iam
471 833 531 873 non
559 815 705 889 superest,
731 813 790 873 nisi
815 812 1015 888 per-ricidium.
1061 833 1079 872 o

64 920 148 966 mors
171 902 321 963 laudanda
343 902 479 977 fortibus,
502 902 812 980 expetendamiseris,
835 920 895 962 non
916 902 1080 961 recusanda

65 992 216 1066 felicibus,
230 995 377 1067 quantum
393 994 424 1051 te
436 992 644 1066 ‚quaesivimus
661 990 694 1051 in
712 991 799 1051 bello.
830 991 890 1050 tuli
908 992 995 1065 enim,
1009 990 1080 1050 deos

24 1104 52 1147 ιο
64 1085 172 1155 testor,
194 1081 227 1140 in
250 1083 356 1155 eciem,
373 1079 432 1139 tuli
456 1099 515 1140 non
533 1081 643 1140 virium
664 1081 866 1155 iactationem,
887 1099 948 1140 non
966 1081 1080 1157 gloriae

67 1171 273 1247 cupiditatem,
296 1170 348 1229 sed
369 1172 406 1229 ut
427 1172 544 1244 patriae
566 1171 733 1247 praestaret
755 1169 871 1245 aliquid
888 1159 991 1228 vilitas
1012 1171 1080 1243 mei,

65 1263 104 1319 ut
120 1260 201 1319 hunc
218 1259 292 1318 mihi
310 1259 496 1334 deploratum
512 1259 660 1334 spiritum,
683 1259 739 1317 hoc
756 1258 939 1319 destinatum
959 1259 1079 1319 damna-

65 1353 194 1424 tumque
230 1366 337 1424 corpus
373 1347 559 1423 publicarum
594 1347 774 1407 utilitatium
794 1366 875 1408 ,ustus
905 1347 1079 1407 absumeret.

64 1438 112 1498 ibi
143 1439 273 1513 primum
302 1438 393 1497 miser
421 1436 513 1496 didici
540 1456 640 1512 quem·
658 1437 755 1496 multa
783 1436 964 1511 nescientes,
989 1435 1116 1512 quamb

25 1549 52 1591 as
65 1528 168 1586 multa
193 1526 355 1593 faceremus
384 1525 481 1585 inuiti.
526 1527 560 1585 in
586 1525 699 1585 medios
725 1525 856 1584 hostium
883 1525 995 1601 globos.
1014 1545 1081 1600 per·

65 1616 150 1676 ditus
178 1617 327 1692 pugnator
353 1615 458 1688 exilui,
490 1617 579 1677 cessit
610 1616 696 1675 acies.
742 1614 917 1675 densissima
947 1619 1081 1689 quaeque

66 1706 234 1767 certamina
261 1705 342 1764 solus
368 1705 479 1778 invasi,
507 1704 645 1763 resistere
674 1722 759 1763 nemo
790 1703 940 1763 sustinuit.
986 1702 1081 1762 obviis

66 1794 180 1853 ictibus
202 1792 334 1851 membre
356 1793 468 1851 nudavi
491 1795 521 1851 et
544 1793 583 1850 ad
605 1794 758 1852 incurrens
775 1791 886 1867 ubique
908 1792 1020 1851 ferrum
1037 1792 1081 1851 vi-

66 1884 145 1943 talia
172 1884 280 1957 parata
307 1881 497 1956 circumtuli„
515 1900 610 1941 vacua
637 1881 715 1941 circa
741 1893 789 1940 me
816 1883 878 1941 tela
904 1880 1081 1941 ceciderunt.

25 1973 212 2035 ”miserum
239 1991 286 2029 me
317 1970 458 2047 deceptae
490 1972 680 2048 cogitationis
708 1971 828 2030 eventu!
873 1964 992 2029 fortiter
1016 1971 1082 2044 feci,

67 2061 141 2120 dum
159 2078 274 2121 mereor
292 2058 394 2142 occidi.
429 2059 557 2121 recedite
576 2060 801 2136 gratulationes,
818 2059 898 2119 abite
916 2058 1082 2133 laudantes,

67 2170 129 2210 non
148 2151 295 2216 circumeo
316 2148 439 2224 templa,
461 2167 521 2208 non
542 2148 634 2210 reddo
651 2151 723 2208 uota
746 2147 929 2208 numinibus:
953 2147 992 2207 ad
1014 2167 1082 2223 par·

67 2237 211 2299 ricidium
232 2239 309 2297 veni.
353 2258 441 2313 quem
463 2255 518 2314 ego
541 2239 631 2314 paulo
655 2239 723 2297 ante
746 2255 851 2313 passus
869 2255 935 2296 sum
957 2237 1082 2295 miserae

68 2328 270 2391 conscientiae
287 2326 442 2402 pudorem!
479 2327 519 2385 ad
535 2329 652 2403 petrem
669 2345 753 2386 arms
772 2345 830 2385 non
848 2326 959 2385 rettuli.
991 2326 1084 2384 timui

29 2439 57 2481 rs
70 2420 145 2493 quiin
167 2417 273 2490 immo,
295 2434 332 2475 ne
354 2416 442 2491 mihi,
466 2414 538 2475 dum
558 2418 699 2491 revertor,
722 2417 900 2488 occurreret,
922 2434 960 2473 ne
982 2416 1014 2473 in
1036 2431 1083 2473 os·

70 2507 139 2565 cula
160 2524 227 2565 mea
249 2505 410 2581 plenasque
434 2504 529 2565 adhuc
552 2504 724 2564 victricibus
746 2504 816 2563 telis
837 2522 944 2563 manus
961 2505 1082 2562 incauto

69 2597 171 2655 rueret
189 2593 334 2669 amplexu.
365 2613 455 2669 quam
473 2595 544 2653 tunc
561 2595 641 2653 inter
658 2596 771 2653 ceteras
792 2592 1082 2652 exclamationes-de·

144 2736 158 2783 1
178 2727 248 2782 ilam
256 2736 290 2794 Β,
305 2737 402 2782 eorm
437 2732 502 2797 post
514 2724 595 2781 illam
607 2744 709 2782 rasura
722 2731 740 2781 4
754 2727 848 2782 litun
882 2732 1051 2796 quaequam
1065 2737 1086 2778 o

70 2799 232 2871 apericuli
250 2799 305 2852 sui:
328 2798 461 2868 periculis
480 2799 510 2852 in
532 2807 554 2851 V
623 2798 864 2852 3mihi-arma
882 2811 964 2862 oms
1035 2812 1084 2849 ne-

71 2871 213 2926 cessitatis
231 2879 260 2923 Β
330 2869 414 2923 ’ῖιιιιΙ
428 2873 496 2936 nst
512 2881 621 2939 capue
692 2870 875 2940 8miselseris
893 2878 921 2922 Β
990 2883 1084 2921 recus-

71 2943 162 2998 ssnda
179 2944 301 3013 (spitus
318 2941 412 3010 dem)
430 2950 458 2994 Β
516 2946 547 2995 11
567 2940 678 2995 utilitas
701 2951 741 2994 Vc
785 2947 832 2994 '12
850 2938 921 2994 mihi
939 2948 1033 2994 uma?
1064 2966 1067 2976 ·

71 3015 238 3069 matum
248 3044 280 3053 -
291 3012 459 3067 utilitatium
476 3029 526 3067 oro.
542 3020 575 3079 P,
596 3012 660 3067 odd.
680 3015 712 3067 ia
729 3029 815 3083 uturp.
828 3034 850 3073 p
913 3015 946 3064 13
964 3009 1084 3085 pellica

71 3102 133 3140 rum
151 3093 180 3138 Β
239 3083 407 3138 utilitatium
424 3093 452 3137 Β
468 3084 490 3154 (i
508 3085 559 3138 del.
574 3085 601 3153 o)
616 3092 658 3150 Βς
677 3086 752 3138 -tum
769 3084 869 3151 relicui
929 3083 1084 3135 assumeret

73 3166 108 3224 Ι,
122 3155 170 3211 vel
184 3155 344 3209 absumeret
357 3170 431 3225 capr.
441 3176 472 3208 m
528 3160 562 3208 14
579 3170 678 3224 quem:
692 3154 768 3224 quod
783 3164 810 3208 ι’
861 3169 958 3222 quam:
973 3153 1049 3221 quod
1058 3162 1085 3206 P

73 3233 104 3282 15
123 3229 168 3282 in:
187 3227 228 3291 ini
246 3236 275 3279 Β
359 3232 391 3280 16
411 3229 443 3280 et¹
458 3226 624 3281 densissima
642 3248 661 3279 α
742 3231 775 3280 18
793 3225 931 3279 membrat
954 3239 1031 3278 men·
1052 3226 1084 3277 iu

73 3316 125 3354 rua.
140 3307 169 3352 Β
222 3303 257 3351 20
275 3299 404 3352 euentum
417 3307 470 3351 BV
519 3304 552 3352 21
572 3300 638 3351 vota
656 3315 706 3353 om.
722 3306 759 3364 Μ,
777 3314 894 3366 crepam
948 3295 997 3348 ad:
1018 3303 1083 3361 an,

74 3387 139 3425 corr.
155 3379 173 3422 ι
237 3375 271 3422 23
289 3369 404 3423 miseere
422 3378 456 3436 Β,
475 3379 577 3425 eorm
632 3375 667 3423 24
686 3369 858 3423 constentino
876 3377 910 3433 Β,
928 3376 1030 3422 eorm

74 3456 139 3496 non:
164 3440 195 3494 in
217 3439 281 3494 aliis
304 3457 361 3495 non
383 3439 504 3494 habetur
525 3441 579 3495 hoo
600 3458 657 3494 non
679 3444 710 3503 io
728 3456 814 3511 marry.
828 3460 860 3492 m
932 3442 965 3491 25
988 3437 1033 3491 mi
1053 3445 1092 3503 B,

75 3511 198 3567 nichil
269 3516 303 3567 27
324 3511 472 3583 amplexu}
489 3515 513 3583 (e
530 3514 577 3583 er.)
596 3521 629 3567 Β
1028 3538 1032 3546 ·
1070 3541 1073 3546 ·
