2408 3840
84 180 148 244 114
409 176 583 233 CORPORIS
601 176 769 232 PROIEO'PI

83 367 138 425 ego
161 345 338 423 pendentem
365 347 503 406 fluetibus
531 365 676 405 carcerem
703 348 734 405 et
760 348 881 406 eatenus
907 347 1004 406 maeie
1029 365 1092 406 mea

81 438 198 496 laxatas
222 439 252 495 et
275 436 415 496 detritam
432 436 575 495 lateribus
593 437 667 495 meis
688 436 836 495 oonseiam
853 435 1002 495 melorum
1020 436 1093 495 oeri-

82 544 152 584 nem
176 527 205 584 et
228 525 366 584 obrutam
387 525 564 601 perennibus
586 525 717 583 tenebris
740 525 843 584 feralis
864 523 923 584 looi
941 527 1094 584 eruentem

83 613 278 674 eaecitatem?
322 616 381 674 ista
409 633 493 688 vero,
525 616 551 672 si
578 612 649 689 quid
675 613 797 690 pudoris
828 613 939 688 babeo,
969 613 1095 674 tacenda

84 706 160 764 sunt.
198 704 343 779 alioquin,
366 703 432 778 quis
455 704 530 761 mihi
546 704 689 781 ignoscet,
714 701 794 778 quod
811 703 957 761 vinarium
974 701 1096 780 aesopi?
1117 722 1128 764 e

83 796 174 852 etiam
197 794 349 868 scripsisse
371 792 513 868 paenitet.
559 792 719 851 olitteree
742 791 859 851 fletibus
882 792 1043 852 tremulael
1079 811 1095 852 o

82 902 189 958 parum
212 883 355 959 alligatae
377 881 497 940 manus!
534 879 697 940 odolenda
714 881 814 940 uxoris
838 880 931 940 oeulis
955 881 1096 958 epistola!

83 991 135 1030 our
157 970 301 1046 indicavi,
328 989 379 1029 our
402 971 507 1047 seripsi
530 969 610 1045 quod
632 988 708 1028 uxor
730 988 765 1028 ae
787 968 866 1027 filius
889 969 1034 1028 ultimum
1055 971 1097 1028 le·

83 1058 208 1138 gerent?
251 1063 288 1117 ut
314 1060 461 1118 incertum
488 1060 527 1118 sit
554 1060 655 1117 utrum
681 1077 728 1116 me
756 1059 852 1117 carius
879 1058 1031 1118 redimant
1058 1077 1096 1118 an

82 1150 214 1226 lugeant.
261 1149 380 1226 cognita
404 1148 487 1207 clade
508 1147 654 1206 rarissimi
675 1166 749 1206 uxor
772 1147 899 1222 exempli
922 1152 953 1207 et
974 1167 1134 1224 prorsusne

81 1239 153 1296 talis
176 1237 232 1295 filii
249 1240 345 1296 mater
367 1239 447 1296 totos
466 1237 578 1296 efflevit
596 1236 707 1310 oeulos,
730 1236 902 1312 fontemque
919 1235 1008 1295 illum
1030 1257 1097 1314 pen

83 1327 203 1385 ennium
234 1326 425 1385 lacrimarum
460 1328 579 1384 tantum
610 1327 737 1385 caesitas
767 1326 864 1384 elusit.
911 1325 937 1384 si
964 1345 1026 1385 non
1052 1329 1097 1386 te

82 1416 204 1490 unisset,
222 1414 318 1473 filium
334 1416 455 1475 vicerat.
488 1415 645 1474 continuus
664 1414 733 1473 inde
751 1415 898 1490 planetus,
913 1413 1097 1475 incredibilis

82 1504 243 1581 maestitia,
266 1503 386 1563 assidua
409 1505 584 1563 lamentatio
607 1505 673 1562 fuit
712 1506 849 1562 iuvenem
870 1503 970 1563 neseio
992 1505 1027 1562 in
1049 1522 1097 1563 me

82 1595 179 1670 magis
203 1611 241 1651 an
263 1593 295 1650 in
317 1595 348 1651 te
371 1593 502 1652 futurum
524 1593 659 1669 impium,
682 1592 708 1651 si
725 1611 785 1651 non
802 1592 984 1666 redemisset,
1008 1612 1097 1668 quem
1110 1613 1135 1655 rs

81 1685 117 1740 tu
135 1682 177 1740 sio
196 1680 392 1741 desiderabas.
429 1701 499 1760 ergo
512 1683 726 1757 profectionem
740 1684 876 1756 apparat,
891 1684 935 1756 ut,
954 1683 1099 1756 quoniam

83 1771 205 1830 reddere
232 1772 323 1828 matri
349 1790 409 1829 non
436 1773 555 1847 poteret
583 1771 695 1844 oeulos,
723 1769 859 1830 redderet
880 1772 980 1829 virum
1003 1772 1097 1831 oeulis

84 1860 235 1919 cariorem.
277 1858 328 1918 sed
350 1859 488 1918 videlieet
511 1861 557 1919 est
580 1859 725 1934 quaedam
746 1859 855 1918 ultima
877 1859 1098 1920 aelamitntium

83 1948 189 2023 rabies,
213 1952 243 2007 et
261 1949 420 2007 novissime
442 1950 474 2006 in
496 1949 627 2008 imorem
644 1949 716 2008 vote
737 1950 804 2024 ipsa
822 1951 987 2007 vertuntur.
1026 1950 1097 2009 reti·

83 2038 151 2096 nuit
173 2038 310 2096 iuvenem
337 2040 367 2095 et
390 2037 524 2113 epistolis
546 2037 620 2096 meis
646 2038 744 2114 legem
765 2037 913 2113 opposuit.
960 2056 978 2096 o
1000 2057 1135 2101 renuere

83 2127 276 2204 figurationes
292 2129 321 2184 et
334 2130 455 2201 pectora
472 2126 627 2184 hominum
645 2125 707 2184 alto
727 2145 825 2186 errore
843 2127 979 2185 confusa!
1010 2147 1097 2187 nemo

83 2217 168 2274 illam
195 2235 254 2274 non
282 2215 409 2291 putabat
436 2216 542 2274 timere
569 2214 605 2274 de
631 2214 702 2273 filio.
747 2214 849 2290 itaque
876 2216 993 2275 iuvenis
1017 2215 1098 2292 quod

85 2305 122 2364 ad
146 2305 288 2364 solacium
310 2306 458 2380 pertinere
477 2304 611 2380 eredidit,
635 2303 854 2363 commendavit
876 2305 980 2363 amieis
999 2308 1097 2366 custo·

84 2394 165 2452 diem
182 2394 298 2468 metris,
322 2394 477 2453 substituit
495 2393 555 2451 riei
577 2411 665 2451 ourae
684 2410 754 2450 suae
772 2392 963 2470 propinquos.
1000 2412 1096 2470 neque

85 2485 164 2541 enim
186 2483 275 2542 alitor
296 2501 391 2558 usque
414 2483 453 2541 ad
471 2482 600 2540 reditum
622 2501 721 2540 meum
740 2500 827 2542 onena
844 2482 975 2541 vixisset.
1013 2484 1130 2559 quio-s

84 2573 156 2647 quid
178 2572 308 2629 humana
330 2570 408 2630 ratio
432 2571 525 2646 valet,
553 2571 686 2630 eontulit.
733 2570 759 2629 si
781 2571 928 2647 potuisset
951 2571 1096 2632 redimere

84 2661 184 2719 oeulos
216 2662 334 2736 matris,
367 2679 426 2735 qua
456 2660 570 2736 pietate
601 2660 673 2732 fnit,
704 2661 831 2720 vicarios
860 2678 928 2720 suos
959 2660 1096 2722 dedisset

83 2749 148 2825 ipse
174 2749 323 2826 profectus
351 2752 396 2808 est
424 2750 486 2810 solo
515 2750 672 2808 comitatus
700 2749 813 2823 animo,
840 2766 894 2808 neo
918 2768 949 2808 se
976 2750 1099 2826 putavit

83 2839 127 2896 ire
151 2839 214 2897 sine
236 2839 346 2913 pretio,
375 2840 512 2914 quamvis
535 2838 574 2896 ad
600 2837 713 2913 pirates
741 2837 832 2896 ferret
857 2837 955 2898 inanis
980 2858 1097 2900 manua

156 3066 171 3112 2
191 3060 247 3114 mei
266 3073 281 3125 β
352 3066 367 3113 'l
388 3061 604 3115 delendarum
673 3066 688 3113 9
712 3076 746 3115 ae
763 3070 798 3128 Β,
820 3077 888 3115 oar.
907 3066 932 3115 et
950 3079 971 3114 n
987 3072 1100 3146 rapat

86 3136 119 3184 10
138 3133 168 3185 et
185 3141 284 3200 omn,
302 3143 415 3201 sunm
470 3137 501 3186 11
523 3131 613 3186 effluit
631 3141 668 3199 Μ,
687 3148 703 3185 e
721 3149 842 3201 supra·
896 3137 929 3186 13
949 3134 1097 3188 continuos

84 3213 136 3257 BV
213 3208 246 3258 15
264 3203 424 3258 redimisset
444 3212 466 3255 V
543 3209 576 3257 16
594 3205 638 3257 ut:
658 3205 687 3257 et
708 3212 730 3255 V
808 3207 840 3257 18
860 3202 1057 3258 calamitatum
1075 3226 1099 3257 ο

79 3280 191 3344 praeter
208 3284 236 3328 B
307 3279 339 3329 21
359 3290 461 3344 peoora
478 3283 516 3339 Β,
540 3277 678 3344 reuera
751 3279 785 3328 24
804 3273 937 3328 euomuit
955 3285 995 3343 Βς
1012 3275 1099 3330 smn-

84 3345 141 3398 tuit
159 3354 190 3398 M
258 3345 326 3399 rici:
345 3345 392 3399 ria
413 3355 444 3412 V;
466 3345 533 3398 huie
554 3345 629 3413 0tr.;
655 3361 737 3400 curae
755 3346 841 3401 delere
862 3346 969 3400 mavult
984 3347 1044 3402 Bu.

84 3416 455 3485 neque-vixissetom.1’‚
478 3418 510 3471 ia
532 3434 616 3488 maro.
633 3417 697 3471 odd.
710 3439 733 3479 ρ
804 3422 837 3471 25
860 3416 1003 3472 redditum
1026 3427 1049 3470 V

85 3492 119 3541 26
138 3489 324 3542 humanarum
341 3497 393 3541 ΒΥ
464 3487 614 3553 redimeret
635 3497 657 3540 V
734 3493 767 3541 27
787 3504 851 3542 suos
870 3504 920 3544 om.
934 3497 970 3556 ι,
987 3498 1099 3559 saepto

78 3564 118 3612 29
133 3559 235 3613 inanes
253 3568 321 3625 Mun*
