2408 3840
354 117 589 174 castanasio
608 118 778 174 xvn‘e-e.
1010 118 1074 185 307

57 291 225 349 auctoritas
249 290 301 364 qui
321 288 422 347 *filium
445 289 576 349 occidere
600 288 714 348 vocatis
741 288 917 364 plerumque
944 290 1077 366 granta-

56 382 122 439 tem
147 380 227 438 ment
254 377 450 438 abdicationis
475 377 727 452 emendationem,
759 378 838 437 sicut
863 377 980 453 reliqua
1008 397 1075 454 sup-

51 468 151 544 plicia
177 470 281 526 nostra
307 467 433 526 rationis
462 468 560 526 fmnte
589 467 747 544 protegitis
779 468 959 542 cunctosque
989 487 1076 543 prae·

55 556 175 634 rigidae
197 558 307 616 mentis
331 555 782 616 adfectus-vocabulo'moliicre
805 554 913 615 lenitis.
949 575 1004 616 nos
1021 576 1076 616 nec

21 647 161 711 cfelices
183 646 299 704 facinus
322 645 404 704 istud
426 664 584 722 possumus
608 645 760 720 concipere
783 664 838 704 nec
859 647 970 704 miseri.
1016 666 1077 705 non

57 735 239 813 perveniunt
264 735 304 792 ad
331 735 414 794 nefas
442 734 525 795 istud
550 751 606 794 nec
632 735 830 794 necessitates.
856 734 972 793 ‘omnis
1001 736 1076 794 citra

58 824 297 900 desperationem
316 824 408 898 dolor,
422 826 468 882 ira
486 825 660 901 languescit.
694 826 724 881 et
738 827 852 898 quanto
871 823 913 881 dii
933 823 1076 899 deaeque!

58 913 223 988 difficilius,
246 914 272 972 si
293 916 416 989 paretur
438 915 501 973 sine
520 913 646 987 conscio,
669 913 732 970 sine
750 913 898 988 ministro,
920 914 1076 989 totumque

57 1003 177 1063 annus
198 1005 229 1061 et
251 1004 385 1061 animum
405 1001 461 1061 filii
483 1004 588 1078 poscat
610 1003 641 1060 et
662 1000 790 1060 manus?
824 1003 973 1060 memento
991 1004 1076 1061 cuius

18 1115 46 1154 rc
59 1092 173 1152 obicias
196 1090 394 1151 immanitatis
416 1091 578 1166 horrorem,
594 1093 717 1166 'patrem
735 1091 867 1150 occidere
886 1091 970 1150 velle.
1006 1091 1077 1150 hinc

58 1184 181 1241 tantum
204 1181 314 1257 accipis
336 1182 424 1255 vires,
446 1184 483 1240 ut
503 1183 581 1239 mori
603 1181 698 1255 possis
723 1180 929 1255 deprehensus.

126 1263 182 1329 ‘Vt
199 1264 598 1351 ‚sciatis'pinquitp‘vernm
622 1288 684 1328 esse
707 1269 787 1344 quod
810 1268 915 1344 obicio,
940 1273 969 1328 et
993 1269 1076 1328 abdi-

58 1378 127 1419 care
146 1354 249 1418 volui'
286 1361 347 1417 non
364 1361 472 1434 potest,
494 1357 727 1435 pater‚'cfficerc
749 1359 916 1433 pertinacia
934 1359 1077 1434 querendi

59 1466 154 1526 genus
176 1447 369 1523 probationis.
415 1450 465 1523 tu,
492 1466 560 1506 cum
583 1447 668 1507 dicis:
698 1442 789 1506 ‘filius
812 1467 859 1505 me
881 1447 979 1507 voluit
1001 1450 1077 1507 ccci-

23 1559 47 1600 is
60 1532 153 1611 dcre’⁷
175 1536 286 1596 videris
307 1535 366 1596 tibi
387 1537 485 1596 facere
507 1536 656 1612 prioribus
679 1535 826 1595 iudicibus
849 1536 1003 1612 invidiam,
1028 1556 1076 1595 ex-

60 1627 203 1685 clamare:
222 1621 286 1685 ‘vos
305 1624 418 1701 faciles,
434 1644 488 1686 vos
505 1626 709 1685 misericordes
727 1625 806 1683 hunc
827 1624 902 1684 mihi
919 1622 1075 1684 redditist'

128 1713 187 1774 sed
213 1714 433 1790 iniquissimum
461 1717 518 1790 est,
550 1717 585 1773 ut
616 1714 765 1773 abdicatio
793 1734 869 1792 quae
892 1734 946 1773 nec
969 1716 1001 1773 in
1029 1717 1111 1780 suis

59 1805 159 1864 valuit
180 1803 331 1879 effectum,
357 1803 446 1863 fidem
467 1806 576 1863 maiori
598 1803 715 1863 crimini
740 1807 880 1878 praestet.
926 1823 986 1862 non
1009 1823 1075 1864 sum

58 1911 127 1952 reus
155 1892 334 1968 inexplorati
361 1893 497 1968 pudoriS,
525 1912 580 1952 nec
608 1895 676 1952 ante
706 1895 774 1951 acta
801 1895 883 1952 vitae
910 1911 993 1951 meae
1021 1893 1075 1952 sub
1167 1937 1173 1950 .

26 1982 205 2043 uhodierna
230 1984 360 2057 primum
386 1983 440 2041 lite
466 1983 643 2042 tractantur.
688 1982 805 2040 felicior
833 1983 1005 2042 innocentia
1031 1985 1077 2041 est

60 2074 136 2131 citra
149 2072 355 2147 suspiciones,
383 2072 492 2130 certior
514 2074 583 2146 post
604 2074 729 2130 reatum.
777 2073 807 2128 et
830 2073 975 2146 quantum
999 2072 1076 2130 infa-

58 2162 137 2220 miae
160 2162 316 2236 praestant
337 2159 467 2235 obiecta,
494 2162 565 2219 dum
592 2162 713 2234 nutant,
741 2160 919 2218 tantundem
946 2161 1075 2220 auotori-

58 2250 132 2310 tatis
155 2249 293 2308 absoluta
315 2251 487 2308 restituunt.
532 2269 571 2309 an
594 2249 707 2309 scilicet
729 2252 886 2324 superatus
909 2251 955 2307 cst
977 2251 1076 2326 gratia

60 2341 159 2415 pater,
188 2341 218 2396 et
237 2338 322 2414 ,apud
343 2357 426 2398 senes
454 2341 485 2398 et
512 2337 593 2416 apud
619 2340 757 2413 parentes
786 2337 965 2397 auctoritate
990 2357 1074 2414 prac-

26 2426 164 2487 ovalui?
198 2426 330 2486 viderint
347 2430 399 2503 qui
422 2427 644 2487 calamitatibus
667 2429 727 2485 suis
751 2428 794 2486 sic
816 2425 1019 2502 blandiuntur,
1041 2431 1077 2486 ut

61 2516 117 2576 sibi
136 2516 266 2576 adfuisse
286 2516 408 2576 credant
425 2517 667 2590 misericordiam,
690 2517 833 2590 savorem,
856 2515 934 2574 filius
954 2519 1075 2592 epatre

60 2606 177 2665 delatus
204 2623 358 2681 nunquam
385 2606 498 2683 poterit
525 2606 658 2686 superior
686 2623 748 2664 esse
780 2607 840 2664 nisi
863 2623 959 2664 causa.
1005 2625 1076 2666 sane

59 2698 161 2755 tamen
182 2694 322 2770 feremus,
344 2696 379 2754 ut
400 2696 499 2773 prims
521 2694 708 2771 abdicatione
730 2713 790 2753 non
814 2696 955 2771 egesseris
977 2696 1075 2754 totum

59 2784 205 2858 dolorem,
232 2785 329 2843 multa
355 2783 413 2842 tibi
440 2785 475 2843 de
504 2783 676 2844 criminibus
702 2783 776 2843 meis
801 2783 978 2842 verecundia
1006 2802 1075 2859 que·

131 2996 146 3044 2
166 2989 360 3044 abdicationes
381 2989 432 3053 Gn
503 2995 521 3042 4
539 2989 655 3043 meliore
673 2997 707 3042 Μ
739 2969 741 2973 ⁷
768 2994 783 3042 6
804 2988 887 3042 citra:
907 2989 1005 3042 contra
1026 2989 1075 3044 Gr.

59 3077 232 3167 ilangriscit
246 3105 274 3149 Β
336 3098 376 3151 ct:
392 3095 453 3177 91³
501 3078 680 3151 Sconsci⁰11
733 3096 844 3150 conscio
859 3095 931 3149 sine:
948 3096 1075 3149 conscisi.

56 3185 94 3223 nc
107 3176 130 3220 V
174 3165 310 3223 mistroB
359 3173 392 3222 10
407 3167 539 3222 occidev
585 3173 617 3220 11
633 3166 865 3237 deprehensissfl
914 3172 947 3219 13
961 3166 1078 3220 nolui?

59 3245 93 3294 16
112 3239 197 3293 facile
216 3255 280 3293 suos
299 3248 336 3307 Μ,
355 3256 424 3295 corr.
438 3260 470 3292 m
531 3244 565 3292 18
584 3238 707 3293 criminis
727 3248 748 3290 V
815 3243 850 3291 20
868 3237 1077 3326 innocentiore

58 3370 92 3419 21
113 3352 188 3418 circa
215 3364 387 3434 suspiciones
409 3373 431 3417 V
526 3369 560 3420 22
582 3361 736 3436 praestans
756 3373 798 3434 ¹33
814 3321 973 3435 praestetit
992 3363 1042 3428 tut
1062 3361 1100 3408 ta

54 3437 170 3501 raam
243 3436 309 3488 dum
326 3438 444 3492 nutant:
471 3437 689 3499 damnatozGr.
764 3438 928 3494 nubentis
1013 3427 1120 3505 auctis-

40 3503 115 3554 ritae
131 3501 262 3558 absoluto
282 3506 331 3562 Gr.
392 3516 426 3565 24
448 3513 668 3574 auctoritatem
690 3525 720 3572 B
783 3518 823 3568 ‘tt
841 3523 951 3565 nonne
968 3495 1140 3574 gesserint

962 3594 980 3623 ἢ

915 3602 960 3652 ab
