2408 3840
322 179 628 234 DECLAMATIONES
647 180 720 234 xvi.
739 180 823 233 XVII.
1015 180 1081 244 421

64 346 98 404 P.
120 345 160 420 0.,
183 349 354 408 innocentia
372 349 519 424 impellor,
537 351 570 407 in
589 349 795 424 desperatione
814 348 952 424 abdueor,
971 351 1086 410 utiam

65 456 120 495 nee
152 439 252 497 vivere
286 457 339 496 nee
368 440 446 496 mori
480 439 590 497 deceat.
633 457 691 513 quo
722 437 834 497 deflebo
865 437 1000 516 gemitu?
1034 439 1086 499 sed

65 528 148 603 patri
175 526 353 601 respondere
388 545 484 604 eogor.
528 546 587 602 qua
616 527 738 586 tandem
767 529 953 601 inventione,
978 525 1086 603 pater?

64 617 99 674 P.
118 617 151 673 in
174 618 285 674 secreto
308 617 447 674 inventus
479 635 517 676 ee.
558 617 694 676 faemore
716 616 851 692 publieos
879 635 994 692 semper
1017 617 1086 676 ode-

40 708 138 765 srunt
152 723 296 764 oeeursus.
334 707 370 764 F.
390 705 470 779 quod
488 706 563 764 mihi
581 705 658 775 alius
677 725 737 763 non
755 705 883 766 vacabat
900 707 992 780 loeus,
1015 709 1085 765 tuae

65 796 138 867 irae,
161 797 215 851 tua
238 795 372 852 fecerunt
400 795 476 852 odiu.
518 814 572 853 nee
600 797 782 855 extrinsecus
797 850 799 855 ,
812 815 859 853 me
889 795 1004 854 ferebat
1033 814 1086 870 po-

65 884 155 959 pulus
182 901 235 942 nee
258 885 436 943 intrinsecus
460 884 584 942 familia.
627 884 691 958 sed,
718 903 772 959 per
794 884 864 943 deos
891 885 1087 958 immortales,

65 971 221 1048 parricidii
239 991 291 1031 eur
305 970 447 1033 accusas?
488 973 520 1030 P.
537 974 608 1048 quia
621 972 666 1032 ita
685 974 811 1032 videtur.
848 975 885 1033 F.
900 992 960 1032 non
978 974 1086 1049 potest,

66 1061 97 1118 P.
114 1059 155 1134 0.,
173 1062 268 1120 videri
283 1062 398 1136 aliquid
413 1063 580 1138 suspicatus
599 1062 634 1121 de
652 1063 821 1139 parricidio.
864 1062 936 1137 quid
949 1064 1086 1137 tererem,

10 1156 17 1199 ι’
30 1172 53 1210 ru
67 1152 115 1209 eui
138 1168 284 1224 pararem,
307 1150 458 1210 nesciebat
476 1153 529 1226 qui
548 1153 755 1228 interrogavit.
798 1171 850 1211 eur
870 1149 1010 1211 aeeusas?
1051 1151 1085 1210 P.

10 1272 12 1277 ,
67 1258 213 1297 venenum
232 1240 323 1298 fuisse
342 1259 451 1317 negare
470 1258 530 1298 non
549 1243 683 1316 potuisti.
725 1242 761 1299 F.
781 1242 872 1300 immo
891 1240 983 1299 nolui.
1025 1259 1086 1299 non

66 1328 156 1386 habet
182 1346 261 1386 mors
289 1332 455 1404 spontanea
479 1330 558 1404 quod
581 1330 689 1407 fingat,
716 1349 776 1388 non
806 1330 897 1388 habet
920 1348 994 1389 sana
1017 1348 1087 1404 eon-

66 1419 191 1476 scientia
215 1418 294 1492 quod
318 1420 465 1495 contegat.
508 1438 561 1478 eur
583 1417 727 1478 accusas?
765 1420 799 1476 P.
818 1419 974 1494 parricidii
997 1439 1087 1496 argu·

64 1509 200 1564 mentum
223 1509 268 1565 est
291 1526 437 1566 venenum
459 1507 608 1582 habuisse,
632 1527 699 1566 eum
722 1509 817 1566 solum
840 1511 956 1583 patrem
981 1509 1086 1568 oderis.

10 1615 50 1667 21⁵
64 1597 101 1654 F.
121 1599 156 1653 ut
176 1595 291 1670 aliquid
309 1615 363 1671 pro
383 1598 515 1656 faeinore
538 1599 586 1671 sit,
610 1616 669 1656 non
690 1599 922 1657 instrumentum
945 1598 997 1657 sed
1015 1615 1086 1658 usus

64 1685 181 1760 probat.
231 1685 324 1760 quid?
350 1687 375 1745 si
398 1686 547 1745 latronem
575 1686 675 1764 gladio
698 1689 831 1760 tantum,
861 1689 1086 1765 peregrinantes

63 1774 135 1833 telis
155 1776 299 1851 arguam?
341 1777 433 1833 etiam
452 1793 512 1833 non
530 1780 657 1852 patrem,
680 1776 730 1834 sed
751 1795 799 1834 me
816 1778 916 1851 ipsum
935 1777 992 1835 odi.
1035 1796 1088 1835 cur

64 1862 207 1922 accusas?
248 1864 281 1921 P.
301 1864 453 1922 oeulorum
483 1867 665 1940 constantia,
695 1865 808 1939 vultus,
831 1867 914 1943 rigor
935 1868 980 1923 rei
1002 1867 1087 1925 testi·

63 1953 202 2010 monium
218 1953 383 2027 perhibent.
424 1955 461 2012 F.
480 1955 572 2012 immo
590 1954 748 2013 voluntati.
790 1954 902 2012 indicia
921 1957 990 2014 sunt
1012 1954 1086 2012 haee

10 2032 47 2102 'te
64 2042 171 2114 animi,
194 2061 254 2099 non
277 2044 423 2118 corporis3
446 2043 534 2117 adde,
558 2045 584 2101 si
606 2044 665 2102 vis:
689 2061 743 2100 nee
770 2042 907 2102 manibus
935 2042 1087 2119 trepidavi

63 2148 121 2188 nec
144 2129 248 2207 lingua
271 2133 376 2191 erravi.
417 2134 603 2209 integritatis
626 2134 696 2190 sunt
718 2132 791 2190 haee
815 2133 924 2191 omnia.
965 2151 1017 2190 eur
1038 2149 1086 2189 ae·

63 2218 175 2278 cusas?
215 2221 276 2278 iam
305 2222 398 2293 taeet3
429 2224 461 2280 at
492 2239 545 2298 ego
572 2220 682 2279 dicam:
713 2239 799 2280 nemo
829 2221 911 2280 volet
940 2223 1086 2295 tanquam

62 2311 254 2366 innocentem
277 2309 373 2368 filium
391 2311 487 2369 videri
509 2310 654 2384 oecidere3
678 2311 735 2368 scit
755 2311 871 2369 facinus
891 2327 953 2369 esse
975 2311 1007 2367 in
1030 2312 1086 2368 im·

62 2399 159 2473 perio,
182 2399 209 2458 si
225 2400 396 2459 innocentia
415 2402 461 2459 est
483 2399 562 2473 quod
582 2401 730 2474 recusavi3
754 2418 824 2458 suae
846 2402 966 2457 tantum
984 2399 1086 2458 erude-

16 2506 47 2548 25
62 2487 163 2546 litatis
193 2490 251 2562 est,
285 2488 321 2546 ab
354 2489 469 2547 invidia
500 2489 673 2547 criminibus
702 2490 776 2548 meis
808 2487 934 2547 defendi.
979 2489 1013 2546 P.
1034 2508 1087 2548 eur

63 2576 161 2653 igitur
188 2576 323 2635 trivisti?
363 2579 399 2636 F.
419 2579 495 2637 mori
522 2578 612 2637 volui.
655 2578 687 2635 P.
708 2579 734 2636 si
762 2579 840 2636 mori
867 2577 1004 2652 voluisti,
1034 2596 1087 2636 eur

63 2684 126 2723 non
148 2669 303 2740 peractum
322 2665 388 2726 est?
428 2669 464 2725 F.
483 2666 580 2725 tilium
597 2668 675 2725 mori
692 2667 842 2725 volentem
863 2684 958 2741 paene
977 2666 1087 2726 oceidit

64 2754 146 2828 quod
170 2755 373 2814 intervenerat
397 2758 490 2832 pater.
533 2756 567 2813 P.
588 2754 614 2813 si
637 2755 694 2813 tibi
724 2757 851 2831 parasti,
879 2773 932 2814 eur
958 2774 1019 2814 non
1041 2756 1086 2814 bi-

62 2841 159 2901 bisti?
199 2845 235 2901 F.
256 2863 291 2915 ea
313 2847 411 2903 mente
434 2843 575 2903 desistere
598 2844 693 2917 volui,
717 2863 785 2903 eum
806 2847 1001 2921 praeciperes,
1027 2864 1086 2920 qua

11 2953 47 2994 au
64 2934 145 2990 mori
163 2934 254 3007 volui,
273 2954 351 2992 eum=
364 2933 525 2992 abdicares.
563 2933 699 3008 quisquis
718 2936 797 2993 enim
820 2934 907 2992 dieii:
932 2929 1019 2992 ‘mori
1037 2933 1087 2993 vel

63 3021 168 3080 bibere
190 3017 281 3097 volo’‚
304 3041 364 3081 non
383 3021 469 3080 dicit:
494 3016 667 3081 ‘moritums
686 3023 734 3081 vel
757 3022 907 3082 bibiturus
931 3019 1017 3096 sum'‚
1040 3043 1086 3080 re·

140 3280 400 3349 ldesperationem
424 3290 470 3334 VB
567 3282 692 3335 adducor
713 3291 790 3337 nm
887 3281 990 3350 equid
1012 3289 1089 3335 ΜΒ

66 3356 101 3404 12
121 3367 176 3418 que
199 3361 244 3405 VB
323 3358 355 3406 13
374 3355 455 3421 tegat
474 3362 552 3408 ΗΓΒ
630 3359 779 3407 14eur11
855 3369 911 3406 non
930 3352 1020 3406 solum
1043 3360 1089 3405 VB

66 3428 100 3474 lt
120 3421 313 3477 instrumentis
332 3433 378 3477 VB
431 3429 464 3478 20
480 3424 571 3494 operis
588 3434 665 3479 ΗΒ
718 3431 751 3479 22
771 3429 834 3479 tace
849 3433 927 3479 ΗΒ
979 3429 1013 3476 24
1028 3423 1087 3478 sive

64 3495 127 3547 tum
149 3503 194 3547 VB
302 3501 335 3548 28
360 3496 541 3550 intervenerit
563 3507 592 3563 ῖς
618 3496 670 3548 -ire
690 3506 716 3548 B
824 3501 857 3549 30
878 3496 952 3549 enim
974 3496 1086 3564 scripsi:

65 3565 154 3618 etiam
171 3587 194 3617 ω
