2408 3840
89 173 154 238 368
365 169 558 226 axonam
575 169 824 228 MONAGENSIA.
908 256 912 262 ι

86 342 175 416 facia,
207 340 320 401 faceres
355 360 391 398 ex
422 340 574 400 cadavere.
623 341 650 400 si
682 341 763 399 enim
792 343 896 417 potest
927 341 1105 417 deprehendi

85 430 228 507 languor,
257 429 328 489 dum
351 430 473 504 occidit,
502 428 634 504 facilius,
662 448 731 488 cum
760 429 912 490 occiderit
953 432 1105 506 praeterea

86 519 209 597 negavit
230 520 317 595 pater
344 521 374 578 et
395 519 527 578 medicus
556 519 699 578 interesse
727 538 818 594 quem
841 520 998 579 occideret
1043 520 1105 594 hoc,

85 609 112 667 si
143 608 219 667 alter
247 609 386 684 perisset,
418 607 599 685 probaverat
627 608 788 683 utrumque
823 610 1005 684 periturum,
1041 627 1105 668 cum

86 697 252 771 convaluit,
278 697 388 772 probat
413 699 575 772 utrumque
602 697 759 755 victurum.
806 696 908 757 felices
935 697 1032 775 igitur
1055 699 1105 772 qui

86 786 230 864 languore
252 787 435 860 moriuntur,
459 787 512 861 qui
533 804 686 862 supremos
709 785 859 846 anhelitus
882 788 963 845 inter
986 805 1105 846 suorum

86 876 252 951 amplexus,
281 875 359 934 inter
382 894 503 934 suorum
526 874 660 950 alloquia
687 875 859 950 posuerunt
901 874 951 933 hic
974 875 1105 934 inlecto

86 963 234 1024 distensus
257 966 311 1037 est,
334 963 419 1023 adest
437 964 577 1038 carnifex,
599 981 654 1022 neo
671 964 773 1040 ipsum
794 983 854 1023 uno
876 963 941 1023 ictu
963 963 1105 1024 interficit

85 1053 138 1112 sed
160 1053 255 1112 telum
276 1052 402 1131 infigens
425 1052 523 1128 ipsum
540 1053 690 1129 paulatim
713 1055 744 1111 et
765 1053 874 1112 leviter
896 1072 951 1129 per
973 1054 1105 1113 membra

85 1142 193 1201 vitalia
219 1143 378 1219 protrahit.
418 1141 529 1200 dicitur
560 1144 600 1201 ei:
631 1141 782 1218 patienter
811 1141 921 1216 tolera,
949 1142 1105 1218 sanabitur

85 1233 192 1306 frater,
220 1249 291 1290 eave
318 1251 355 1290 ne
382 1232 497 1290 viscera
520 1230 654 1289 anhelitu
677 1231 848 1308 gemituque
871 1231 1043 1305 concutias,
1069 1251 1104 1291 ne

86 1320 249 1378 remedium
271 1322 375 1397 pereat
398 1320 537 1379 alienum.
578 1339 683 1396 passus
711 1322 756 1379 est
777 1319 867 1378 miser
889 1320 1104 1379 discurrentem

85 1428 139 1486 per
162 1410 261 1467 omnia
278 1409 402 1468 reserati
424 1410 552 1485 pectoris
570 1408 739 1485 improbum
757 1428 853 1486 vagae
870 1409 945 1468 artis
965 1429 1103 1469 errorem.

86 1496 237 1556 clamabat
271 1500 341 1574 post
373 1497 488 1558 >foribus
525 1498 633 1557 eleusis
669 1499 779 1556 mater:
818 1497 901 1571 audi,
938 1500 1103 1558 miserrime

84 1585 214 1660 iuvenis,
245 1587 271 1645 si
298 1587 365 1662 quis
389 1587 484 1645 adhuc
507 1586 564 1645 tibi
591 1589 725 1662 superest
752 1605 867 1660 aeneus,
895 1587 1020 1662 exaudi,
1046 1606 1104 1646 non

85 1677 222 1752 permisit
243 1675 299 1734 hoo
320 1678 426 1734 mater.
471 1674 557 1734 erede
579 1675 704 1734 orbitati
725 1694 822 1749 meae,
852 1675 938 1734 crede
960 1676 1104 1750 lacrimis,

84 1783 138 1823 nec
161 1765 255 1823 frater
284 1766 340 1824 hac
367 1765 459 1823 vellet
484 1766 601 1833 ratione
631 1767 739 1824 sanari.
784 1766 863 1823 inter
889 1764 964 1824 haec
993 1767 1103 1843 impius

84 1856 171 1930 pater
193 1873 254 1912 una
276 1873 344 1912 cum
370 1854 484 1912 medico
507 1853 680 1912 intuebatur
702 1854 816 1913 viscera
842 1852 907 1927 filii,
929 1853 1035 1930 ipsum
1057 1855 1102 1914 de·

84 1943 200 2001 tinebat
224 1934 362 2018 alloquiis
386 1944 417 2000 et
439 1961 529 2000 manu
552 1942 660 2001 medici
682 1943 789 2001 vitella
810 1942 1035 2003 mactabantur.
1058 1945 1101 2004 dic

84 2051 168 2109 ergo,
198 2032 310 2091 medice
338 2033 489 2107 imperite,
519 2031 664 2107 numquid
695 2033 796 2108 potuit
826 2031 942 2090 medico
976 2038 1100 2092 sanante

84 2123 185 2180 vivere
208 2122 262 2197 qui
284 2123 348 2180 tam
371 2120 423 2179 diu
445 2121 534 2194 vixit,
562 2121 633 2178 dum
658 2120 810 2179 occiditur.
851 2120 900 2178 hic
923 2123 1030 2180 autem
1054 2124 1101 2199 qui

83 2212 232 2285 superstes
262 2213 307 2269 est
337 2212 367 2269 et
394 2227 497 2284 sanus,
524 2211 558 2267 in
587 2209 722 2269 custodia
743 2227 810 2267 mea
831 2209 900 2284 plus
933 2229 969 2269 ex
1002 2211 1101 2271 dolore

83 2299 186 2359 fratris
208 2301 359 2376 pereuntis
383 2316 473 2374 quam
496 2317 531 2356 ex
553 2300 675 2374 proprio
697 2297 800 2357 morbo
827 2298 1002 2376 languebat.
1046 2319 1100 2359 non

83 2388 143 2445 fuit
170 2407 240 2465 ergo
270 2388 333 2447 solo
363 2388 506 2465 languore
533 2389 683 2462 periturus
715 2406 804 2462 quem
832 2406 892 2445 non
922 2390 1029 2464 potuit
1051 2407 1101 2448 nee

83 2496 162 2536 mors
185 2478 288 2536 fratris
307 2477 446 2535 occidere.
491 2478 549 2535 iste
568 2478 621 2552 qui
638 2478 786 2552 superstes
806 2477 859 2550 est,
881 2494 944 2535 non
962 2480 1011 2537 est
1029 2480 1100 2537 mihi

82 2566 207 2640 solacio,
238 2565 289 2624 sed
320 2568 352 2624 in
384 2584 419 2624 eo
455 2565 564 2624 cotidie
600 2567 725 2642 respicio
758 2565 885 2624 alterum
916 2570 1098 2641 pereuntem.

82 2655 146 2729 ipse
170 2656 261 2713 etiam
279 2657 324 2714 est
345 2657 379 2713 in
401 2654 595 2714 afflictatione
618 2656 767 2729 continua,
790 2671 858 2712 oum
880 2653 939 2713 sibi
962 2657 1099 2716 videatur

83 2761 145 2802 esse
159 2743 289 2819 pretium
303 2744 405 2802 fratris
422 2744 519 2803 occisi.
560 2746 631 2802 tunc
650 2761 792 2803 conversa
808 2744 905 2802 mater
919 2744 959 2802 ad
973 2745 1099 2804 cadamr

83 2833 173 2892 occisi
197 2833 248 2890 ait·
272 2832 360 2908 ofili,
384 2852 451 2891 cum
472 2833 655 2907 occidemus,
677 2832 795 2911 ingredi
818 2831 989 2892 cubiculum
1014 2835 1096 2893 adte

82 2940 142 2980 non
159 2922 246 2996 potui
264 2921 316 2980 sed
329 2922 401 2980 foris
420 2923 502 2980 stans
521 2923 578 2981 feci
596 2921 676 2998 quod
689 2921 784 2997 potui,
797 2940 856 2981 non
870 2922 958 2981 licuit
975 2924 1096 2996 intrare,

81 3012 117 3067 ut
134 3011 258 3069 unlnera
271 3013 325 3069 tua
339 3012 412 3069 meis
426 3005 602 3089 te[r]gerem
616 3010 777 3070 visceribus
793 3012 823 3069 et
836 3028 925 3086 super
944 3013 1096 3072 carissime

81 3100 215 3158 membra
233 3101 441 3174 prosternerer.
478 3119 557 3160 nunc
575 3119 632 3177 ago
651 3099 731 3176 quod
744 3117 873 3176 possum,
891 3118 1000 3176 corpus
1019 3101 1095 3177 quod

81 3188 244 3264 reliquerat
261 3190 348 3263 pater
366 3191 396 3247 et
414 3191 506 3248 etiam
526 3190 666 3263 medicus,
689 3191 745 3248 hoc
768 3188 835 3248 sinu
852 3190 963 3248 misera
982 3191 1095 3268 collegi,

81 3278 234 3351 amplexor
253 3281 282 3335 et
301 3278 424 3337 osculor.
466 3281 589 3353 propter
606 3278 731 3337 fratrem
751 3277 861 3336 videris
881 3280 1003 3338 cccmus.
1046 3297 1095 3338 nec

80 3366 181 3425 tamen
204 3386 337 3441 unquam
359 3370 494 3427 constare
516 3367 641 3443 poterit,
668 3385 707 3424 an
729 3369 764 3425 tu
787 3367 940 3428 sanaveris
965 3369 1105 3427 tratrem¹

81 3485 294 3494 -.—-——.

148 3556 183 3607 16
200 3569 265 3611 meo
284 3562 319 3611 Μ
