<?xml version="1.0" encoding="UTF-8"?>
<!DOCTYPE html PUBLIC "-//W3C//DTD XHTML 1.0 Transitional//EN"
    "http://www.w3.org/TR/xhtml1/DTD/xhtml1-transitional.dtd">
<html xmlns="http://www.w3.org/1999/xhtml" xml:lang="en" lang="en">
 <head>
  <title>
</title>
<meta http-equiv="Content-Type" content="text/html;charset=utf-8" />
  <meta name='ocr-system' content='tesseract 3.04.00' />
  <meta name='ocr-capabilities' content='ocr_page ocr_carea ocr_par ocr_line ocrx_word'/>
</head>
<body>
  <div class='ocr_page' id='page_1' title='image "./qvintilianiqvae01quingoog_0183.png"; bbox 0 0 2408 3840; ppageno 0'>
   <div class='ocr_carea' id='block_1_1' title="bbox 147 166 920 251">
    <p class='ocr_par' dir='ltr' id='par_1_1' title="bbox 147 166 920 251">
     <span class='ocr_line' id='line_1_1' title="bbox 147 166 920 251; baseline 0.001 -30"><span class='ocrx_word' id='word_1_1' title='bbox 147 170 209 233; x_wconf 84' lang='lat'>148</span> <span class='ocrx_word' id='word_1_2' title='bbox 456 167 586 222; x_wconf 82' lang='lat' dir='ltr'>camur</span> <span class='ocrx_word' id='word_1_3' title='bbox 604 166 847 222; x_wconf 73' lang='lat' dir='ltr'>inreverens</span> <span class='ocrx_word' id='word_1_4' title='bbox 914 238 920 251; x_wconf 28' lang='grc' dir='ltr'>ι</span> 
     </span>
    </p>
   </div>
   <div class='ocr_carea' id='block_1_2' title="bbox 113 337 1190 2639">
    <p class='ocr_par' dir='ltr' id='par_1_2' title="bbox 145 337 1188 1839">
     <span class='ocr_line' id='line_1_2' title="bbox 211 337 1155 414; baseline 0 -20"><span class='ocrx_word' id='word_1_5' title='bbox 211 337 297 396; x_wconf 90' lang='lat' dir='ltr'>Passi</span> <span class='ocrx_word' id='word_1_6' title='bbox 324 340 394 396; x_wconf 88' lang='lat' dir='ltr'>sunt</span> <span class='ocrx_word' id='word_1_7' title='bbox 421 339 500 395; x_wconf 90' lang='lat' dir='ltr'>enim</span> <span class='ocrx_word' id='word_1_8' title='bbox 531 337 706 414; x_wconf 78' lang='lat' dir='ltr'>languorem</span> <span class='ocrx_word' id='word_1_9' title='bbox 737 338 898 396; x_wconf 80' lang='lat' dir='ltr'>miserrimi</span> <span class='ocrx_word' id='word_1_10' title='bbox 927 338 1063 409; x_wconf 85' lang='lat' dir='ltr'>iuvenes,</span> <span class='ocrx_word' id='word_1_11' title='bbox 1096 338 1155 396; x_wconf 85' lang='lat' dir='ltr'>sinc</span> 
     </span>
     <span class='ocr_line' id='line_1_3' title="bbox 146 426 1156 502; baseline -0.001 -17"><span class='ocrx_word' id='word_1_12' title='bbox 146 426 235 485; x_wconf 92' lang='lat' dir='ltr'>dubio</span> <span class='ocrx_word' id='word_1_13' title='bbox 262 428 375 500; x_wconf 87' lang='lat' dir='ltr'>pariter</span> <span class='ocrx_word' id='word_1_14' title='bbox 398 445 528 502; x_wconf 87' lang='lat' dir='ltr'>unaque,</span> <span class='ocrx_word' id='word_1_15' title='bbox 556 446 615 484; x_wconf 93' lang='lat' dir='ltr'>non</span> <span class='ocrx_word' id='word_1_16' title='bbox 638 426 840 499; x_wconf 78' lang='lat' dir='ltr'>fraternitate,</span> <span class='ocrx_word' id='word_1_17' title='bbox 868 445 929 485; x_wconf 91' lang='lat' dir='ltr'>non</span> <span class='ocrx_word' id='word_1_18' title='bbox 952 426 1069 485; x_wconf 85' lang='lat' dir='ltr'>animae</span> <span class='ocrx_word' id='word_1_19' title='bbox 1098 443 1156 484; x_wconf 90' lang='lat' dir='ltr'>cor·</span> 
     </span>
     <span class='ocr_line' id='line_1_4' title="bbox 145 515 1156 592; baseline -0.002 -18"><span class='ocrx_word' id='word_1_20' title='bbox 145 534 308 592; x_wconf 90' lang='lat' dir='ltr'>porumque</span> <span class='ocrx_word' id='word_1_21' title='bbox 337 517 497 589; x_wconf 75' lang='lat' dir='ltr'>consortie,</span> <span class='ocrx_word' id='word_1_22' title='bbox 525 515 577 574; x_wconf 90' lang='lat' dir='ltr'>sed</span> <span class='ocrx_word' id='word_1_23' title='bbox 608 515 779 575; x_wconf 92' lang='lat' dir='ltr'>condicione</span> <span class='ocrx_word' id='word_1_24' title='bbox 806 515 983 592; x_wconf 78' lang='lat' dir='ltr'>fragilitatis</span> <span class='ocrx_word' id='word_1_25' title='bbox 1009 515 1156 573; x_wconf 85' lang='lat' dir='ltr'>humanae</span> 
     </span>
     <span class='ocr_line' id='line_1_5' title="bbox 146 604 1157 682; baseline -0.001 -20"><span class='ocrx_word' id='word_1_26' title='bbox 146 623 205 680; x_wconf 94' lang='lat' dir='ltr'>qua</span> <span class='ocrx_word' id='word_1_27' title='bbox 237 606 279 663; x_wconf 89' lang='lat' dir='ltr'>sic</span> <span class='ocrx_word' id='word_1_28' title='bbox 308 606 440 663; x_wconf 80' lang='lat' dir='ltr'>extranei</span> <span class='ocrx_word' id='word_1_29' title='bbox 470 623 586 679; x_wconf 88' lang='lat' dir='ltr'>qnoque</span> <span class='ocrx_word' id='word_1_30' title='bbox 614 605 673 662; x_wconf 89' lang='lat' dir='ltr'>duo</span> <span class='ocrx_word' id='word_1_31' title='bbox 705 604 846 682; x_wconf 82' lang='lat' dir='ltr'>languere</span> <span class='ocrx_word' id='word_1_32' title='bbox 878 605 1053 680; x_wconf 88' lang='lat' dir='ltr'>potuissent</span> <span class='ocrx_word' id='word_1_33' title='bbox 1100 623 1157 662; x_wconf 91' lang='lat' dir='ltr'>non</span> 
     </span>
     <span class='ocr_line' id='line_1_6' title="bbox 145 693 1187 772; baseline -0.001 -20"><span class='ocrx_word' id='word_1_34' title='bbox 145 695 316 772; x_wconf 86' lang='lat' dir='ltr'>negaverim</span> <span class='ocrx_word' id='word_1_35' title='bbox 342 693 519 766; x_wconf 81' lang='lat' dir='ltr'>terribilem,</span> <span class='ocrx_word' id='word_1_36' title='bbox 550 713 672 770; x_wconf 83' lang='lat' dir='ltr'>gravem</span> <span class='ocrx_word' id='word_1_37' title='bbox 701 695 732 752; x_wconf 91' lang='lat' dir='ltr'>et</span> <span class='ocrx_word' id='word_1_38' title='bbox 760 693 936 769; x_wconf 87' lang='lat' dir='ltr'>parentibus</span> <span class='ocrx_word' id='word_1_39' title='bbox 964 694 1070 769; x_wconf 89' lang='lat' dir='ltr'>utique</span> <span class='ocrx_word' id='word_1_40' title='bbox 1100 710 1187 751; x_wconf 78' lang='lat' dir='ltr'>mes</span> 
     </span>
     <span class='ocr_line' id='line_1_7' title="bbox 145 782 1157 858; baseline 0 -17"><span class='ocrx_word' id='word_1_41' title='bbox 145 783 301 855; x_wconf 89' lang='lat' dir='ltr'>tuendum,</span> <span class='ocrx_word' id='word_1_42' title='bbox 329 782 365 840; x_wconf 91' lang='lat' dir='ltr'>de</span> <span class='ocrx_word' id='word_1_43' title='bbox 393 784 475 840; x_wconf 89' lang='lat' dir='ltr'>cuius</span> <span class='ocrx_word' id='word_1_44' title='bbox 502 784 603 840; x_wconf 89' lang='lat' dir='ltr'>tamen</span> <span class='ocrx_word' id='word_1_45' title='bbox 631 783 742 856; x_wconf 87' lang='lat' dir='ltr'>adhuc,</span> <span class='ocrx_word' id='word_1_46' title='bbox 769 784 805 840; x_wconf 89' lang='lat' dir='ltr'>ut</span> <span class='ocrx_word' id='word_1_47' title='bbox 826 784 998 858; x_wconf 86' lang='lat' dir='ltr'>parcissime</span> <span class='ocrx_word' id='word_1_48' title='bbox 1027 782 1157 854; x_wconf 85' lang='lat' dir='ltr'>dixerim,</span> 
     </span>
     <span class='ocr_line' id='line_1_8' title="bbox 145 871 1158 946; baseline -0.002 -16"><span class='ocrx_word' id='word_1_49' title='bbox 145 871 274 930; x_wconf 90' lang='lat' dir='ltr'>remedio</span> <span class='ocrx_word' id='word_1_50' title='bbox 304 873 502 945; x_wconf 83' lang='lat' dir='ltr'>quaereretur.</span> <span class='ocrx_word' id='word_1_51' title='bbox 549 871 621 946; x_wconf 92' lang='lat' dir='ltr'>quid</span> <span class='ocrx_word' id='word_1_52' title='bbox 643 872 735 930; x_wconf 89' lang='lat' dir='ltr'>refert</span> <span class='ocrx_word' id='word_1_53' title='bbox 763 891 802 930; x_wconf 88' lang='lat' dir='ltr'>an</span> <span class='ocrx_word' id='word_1_54' title='bbox 824 871 932 930; x_wconf 91' lang='lat' dir='ltr'>medici</span> <span class='ocrx_word' id='word_1_55' title='bbox 959 872 1158 931; x_wconf 86' lang='lat' dir='ltr'>consenserint</span> 
     </span>
     <span class='ocr_line' id='line_1_9' title="bbox 145 957 1158 1038; baseline -0.001 -20"><span class='ocrx_word' id='word_1_56' title='bbox 145 963 305 1034; x_wconf 88' lang='lat' dir='ltr'>utrumque</span> <span class='ocrx_word' id='word_1_57' title='bbox 319 962 493 1034; x_wconf 88' lang='lat' dir='ltr'>periturum,</span> <span class='ocrx_word' id='word_1_58' title='bbox 509 979 575 1017; x_wconf 90' lang='lat' dir='ltr'>cum</span> <span class='ocrx_word' id='word_1_59' title='bbox 594 961 720 1018; x_wconf 88' lang='lat' dir='ltr'>eundem</span> <span class='ocrx_word' id='word_1_60' title='bbox 739 960 868 1019; x_wconf 83' lang='lat' dir='ltr'>dixerint</span> <span class='ocrx_word' id='word_1_61' title='bbox 884 979 947 1020; x_wconf 85' lang='lat' dir='ltr'>esse</span> <span class='ocrx_word' id='word_1_62' title='bbox 965 957 1158 1038; x_wconf 83' lang='lat' dir='ltr'>languorem?</span> 
     </span>
     <span class='ocr_line' id='line_1_10' title="bbox 145 1048 1158 1126; baseline -0.001 -18"><span class='ocrx_word' id='word_1_63' title='bbox 145 1049 338 1109; x_wconf 87' lang='lat' dir='ltr'>manifestum</span> <span class='ocrx_word' id='word_1_64' title='bbox 361 1050 423 1122; x_wconf 89' lang='lat' dir='ltr'>est,</span> <span class='ocrx_word' id='word_1_65' title='bbox 451 1049 486 1106; x_wconf 93' lang='lat' dir='ltr'>de</span> <span class='ocrx_word' id='word_1_66' title='bbox 515 1048 628 1107; x_wconf 91' lang='lat' dir='ltr'>duobus</span> <span class='ocrx_word' id='word_1_67' title='bbox 656 1068 717 1107; x_wconf 94' lang='lat' dir='ltr'>non</span> <span class='ocrx_word' id='word_1_68' title='bbox 744 1049 852 1109; x_wconf 86' lang='lat' dir='ltr'>dixisse</span> <span class='ocrx_word' id='word_1_69' title='bbox 879 1069 996 1124; x_wconf 85' lang='lat' dir='ltr'>verum,</span> <span class='ocrx_word' id='word_1_70' title='bbox 1023 1068 1098 1126; x_wconf 85' lang='lat' dir='ltr'>quoa</span> <span class='ocrx_word' id='word_1_71' title='bbox 1125 1049 1158 1107; x_wconf 94' lang='lat' dir='ltr'>de</span> 
     </span>
     <span class='ocr_line' id='line_1_11' title="bbox 147 1138 1188 1213; baseline -0.001 -16"><span class='ocrx_word' id='word_1_72' title='bbox 147 1140 241 1198; x_wconf 92' lang='lat' dir='ltr'>altero</span> <span class='ocrx_word' id='word_1_73' title='bbox 265 1140 382 1196; x_wconf 87' lang='lat' dir='ltr'>constat</span> <span class='ocrx_word' id='word_1_74' title='bbox 405 1156 467 1196; x_wconf 91' lang='lat' dir='ltr'>esse</span> <span class='ocrx_word' id='word_1_75' title='bbox 491 1140 639 1196; x_wconf 89' lang='lat' dir='ltr'>mentitos.</span> <span class='ocrx_word' id='word_1_76' title='bbox 676 1140 738 1197; x_wconf 89' lang='lat' dir='ltr'>iam</span> <span class='ocrx_word' id='word_1_77' title='bbox 761 1140 870 1213; x_wconf 79' lang='lat' dir='ltr'>tamen,</span> <span class='ocrx_word' id='word_1_78' title='bbox 893 1138 1016 1213; x_wconf 71' lang='lat' dir='ltr'>iudicet,</span> <span class='ocrx_word' id='word_1_79' title='bbox 1039 1139 1075 1198; x_wconf 90' lang='lat' dir='ltr'>de</span> <span class='ocrx_word' id='word_1_80' title='bbox 1098 1141 1188 1198; x_wconf 83' lang='lat' dir='ltr'>tamo</span> 
     </span>
     <span class='ocr_line' id='line_1_12' title="bbox 146 1227 1158 1306; baseline -0.001 -20"><span class='ocrx_word' id='word_1_81' title='bbox 146 1227 264 1304; x_wconf 88' lang='lat' dir='ltr'>perdita</span> <span class='ocrx_word' id='word_1_82' title='bbox 290 1228 533 1301; x_wconf 87' lang='lat' dir='ltr'>pronuntiatione</span> <span class='ocrx_word' id='word_1_83' title='bbox 561 1246 620 1286; x_wconf 92' lang='lat' dir='ltr'>non</span> <span class='ocrx_word' id='word_1_84' title='bbox 653 1229 807 1302; x_wconf 89' lang='lat' dir='ltr'>querimur</span> <span class='ocrx_word' id='word_1_85' title='bbox 837 1228 917 1305; x_wconf 90' lang='lat' dir='ltr'>quod</span> <span class='ocrx_word' id='word_1_86' title='bbox 949 1246 1055 1306; x_wconf 82' lang='lat' dir='ltr'>aegros</span> <span class='ocrx_word' id='word_1_87' title='bbox 1088 1245 1158 1304; x_wconf 87' lang='lat' dir='ltr'>quos</span> 
     </span>
     <span class='ocr_line' id='line_1_13' title="bbox 147 1314 1158 1393; baseline 0 -19"><span class='ocrx_word' id='word_1_88' title='bbox 147 1316 204 1375; x_wconf 89' lang='lat' dir='ltr'>sibi</span> <span class='ocrx_word' id='word_1_89' title='bbox 222 1314 400 1374; x_wconf 83' lang='lat' dir='ltr'>ridebantur</span> <span class='ocrx_word' id='word_1_90' title='bbox 418 1317 564 1390; x_wconf 88' lang='lat' dir='ltr'>explicare</span> <span class='ocrx_word' id='word_1_91' title='bbox 583 1335 643 1374; x_wconf 93' lang='lat' dir='ltr'>non</span> <span class='ocrx_word' id='word_1_92' title='bbox 662 1335 757 1391; x_wconf 84' lang='lat' dir='ltr'>posse,</span> <span class='ocrx_word' id='word_1_93' title='bbox 774 1316 949 1393; x_wconf 83' lang='lat' dir='ltr'>parentibus</span> <span class='ocrx_word' id='word_1_94' title='bbox 963 1316 1158 1376; x_wconf 85' lang='lat' dir='ltr'>crediderunt</span> 
     </span>
     <span class='ocr_line' id='line_1_14' title="bbox 147 1404 1159 1481; baseline 0.001 -18"><span class='ocrx_word' id='word_1_95' title='bbox 147 1406 332 1464; x_wconf 76' lang='lat' dir='ltr'>innocentior</span> <span class='ocrx_word' id='word_1_96' title='bbox 356 1408 400 1463; x_wconf 87' lang='lat' dir='ltr'>est</span> <span class='ocrx_word' id='word_1_97' title='bbox 428 1404 604 1481; x_wconf 75' lang='lat' dir='ltr'>simplicitas</span> <span class='ocrx_word' id='word_1_98' title='bbox 628 1405 796 1480; x_wconf 87' lang='lat' dir='ltr'>desperare,</span> <span class='ocrx_word' id='word_1_99' title='bbox 825 1408 851 1464; x_wconf 90' lang='lat' dir='ltr'>si</span> <span class='ocrx_word' id='word_1_100' title='bbox 873 1405 1006 1465; x_wconf 88' lang='lat' dir='ltr'>remedia</span> <span class='ocrx_word' id='word_1_101' title='bbox 1028 1424 1089 1465; x_wconf 90' lang='lat' dir='ltr'>non</span> <span class='ocrx_word' id='word_1_102' title='bbox 1111 1424 1159 1464; x_wconf 93' lang='lat' dir='ltr'>no-</span> 
     </span>
     <span class='ocr_line' id='line_1_15' title="bbox 147 1494 1160 1574; baseline 0.001 -22"><span class='ocrx_word' id='word_1_103' title='bbox 147 1494 233 1568; x_wconf 87' lang='lat' dir='ltr'>veris,</span> <span class='ocrx_word' id='word_1_104' title='bbox 257 1496 287 1552; x_wconf 92' lang='lat' dir='ltr'>et</span> <span class='ocrx_word' id='word_1_105' title='bbox 308 1494 385 1552; x_wconf 89' lang='lat' dir='ltr'>hanc</span> <span class='ocrx_word' id='word_1_106' title='bbox 407 1496 594 1572; x_wconf 88' lang='lat' dir='ltr'>ignorantiae</span> <span class='ocrx_word' id='word_1_107' title='bbox 613 1495 693 1552; x_wconf 91' lang='lat' dir='ltr'>malo</span> <span class='ocrx_word' id='word_1_108' title='bbox 716 1495 907 1571; x_wconf 84' lang='lat' dir='ltr'>probitatem,</span> <span class='ocrx_word' id='word_1_109' title='bbox 930 1496 965 1552; x_wconf 90' lang='lat' dir='ltr'>ut</span> <span class='ocrx_word' id='word_1_110' title='bbox 986 1495 1160 1574; x_wconf 88' lang='lat' dir='ltr'>languorem</span> 
     </span>
     <span class='ocr_line' id='line_1_16' title="bbox 147 1585 1188 1660; baseline -0.001 -19"><span class='ocrx_word' id='word_1_111' title='bbox 147 1603 235 1660; x_wconf 92' lang='lat' dir='ltr'>quem</span> <span class='ocrx_word' id='word_1_112' title='bbox 258 1585 380 1657; x_wconf 86' lang='lat' dir='ltr'>nescias,</span> <span class='ocrx_word' id='word_1_113' title='bbox 402 1585 521 1642; x_wconf 88' lang='lat' dir='ltr'>tantum</span> <span class='ocrx_word' id='word_1_114' title='bbox 543 1601 632 1660; x_wconf 88' lang='lat' dir='ltr'>neges</span> <span class='ocrx_word' id='word_1_115' title='bbox 655 1602 741 1660; x_wconf 86' lang='lat' dir='ltr'>posse</span> <span class='ocrx_word' id='word_1_116' title='bbox 764 1585 872 1643; x_wconf 89' lang='lat' dir='ltr'>sanari.</span> <span class='ocrx_word' id='word_1_117' title='bbox 914 1585 1039 1643; x_wconf 85' lang='lat' dir='ltr'>maximi</span> <span class='ocrx_word' id='word_1_118' title='bbox 1061 1586 1160 1642; x_wconf 88' lang='lat' dir='ltr'>tamen</span> <span class='ocrx_word' id='word_1_119' title='bbox 1170 1598 1188 1642; x_wconf 81' lang='lat' dir='ltr'>n</span> 
     </span>
     <span class='ocr_line' id='line_1_17' title="bbox 147 1672 1159 1746; baseline 0.001 -15"><span class='ocrx_word' id='word_1_120' title='bbox 147 1675 280 1731; x_wconf 84' lang='lat' dir='ltr'>virorum</span> <span class='ocrx_word' id='word_1_121' title='bbox 303 1674 333 1730; x_wconf 90' lang='lat' dir='ltr'>et</span> <span class='ocrx_word' id='word_1_122' title='bbox 356 1672 462 1746; x_wconf 89' lang='lat' dir='ltr'>quibus</span> <span class='ocrx_word' id='word_1_123' title='bbox 486 1674 559 1732; x_wconf 86' lang='lat' dir='ltr'>artis</span> <span class='ocrx_word' id='word_1_124' title='bbox 577 1691 647 1732; x_wconf 89' lang='lat' dir='ltr'>suae</span> <span class='ocrx_word' id='word_1_125' title='bbox 671 1673 812 1732; x_wconf 84' lang='lat' dir='ltr'>solvendo</span> <span class='ocrx_word' id='word_1_126' title='bbox 836 1691 895 1731; x_wconf 91' lang='lat' dir='ltr'>non</span> <span class='ocrx_word' id='word_1_127' title='bbox 918 1672 959 1731; x_wconf 89' lang='lat' dir='ltr'>sit</span> <span class='ocrx_word' id='word_1_128' title='bbox 980 1673 1159 1745; x_wconf 84' lang='lat' dir='ltr'>hnmanitas,</span> 
     </span>
     <span class='ocr_line' id='line_1_18' title="bbox 149 1761 1160 1839; baseline 0.003 -21"><span class='ocrx_word' id='word_1_129' title='bbox 149 1763 174 1819; x_wconf 91' lang='lat' dir='ltr'>si</span> <span class='ocrx_word' id='word_1_130' title='bbox 197 1761 328 1819; x_wconf 86' lang='lat' dir='ltr'>sciebant</span> <span class='ocrx_word' id='word_1_131' title='bbox 350 1761 406 1819; x_wconf 92' lang='lat' dir='ltr'>hoc</span> <span class='ocrx_word' id='word_1_132' title='bbox 429 1780 520 1839; x_wconf 87' lang='lat' dir='ltr'>genus</span> <span class='ocrx_word' id='word_1_133' title='bbox 542 1761 705 1820; x_wconf 87' lang='lat' dir='ltr'>curationis</span> <span class='ocrx_word' id='word_1_134' title='bbox 729 1765 760 1820; x_wconf 89' lang='lat' dir='ltr'>et</span> <span class='ocrx_word' id='word_1_135' title='bbox 781 1761 857 1820; x_wconf 88' lang='lat' dir='ltr'>illud</span> <span class='ocrx_word' id='word_1_136' title='bbox 878 1779 938 1820; x_wconf 91' lang='lat' dir='ltr'>non</span> <span class='ocrx_word' id='word_1_137' title='bbox 961 1761 1095 1821; x_wconf 88' lang='lat' dir='ltr'>indicare</span> <span class='ocrx_word' id='word_1_138' title='bbox 1112 1779 1160 1821; x_wconf 83' lang='lat' dir='ltr'>ve·</span> 
     </span>
    </p>

    <p class='ocr_par' dir='ltr' id='par_1_3' title="bbox 113 1849 1190 2639">
     <span class='ocr_line' id='line_1_19' title="bbox 113 1849 1160 1928; baseline 0.005 -24"><span class='ocrx_word' id='word_1_139' title='bbox 113 1849 132 1904; x_wconf 84' lang='lat'>4</span> <span class='ocrx_word' id='word_1_140' title='bbox 150 1851 277 1908; x_wconf 89' lang='lat' dir='ltr'>luerunt.</span> <span class='ocrx_word' id='word_1_141' title='bbox 310 1850 410 1924; x_wconf 85' lang='lat' dir='ltr'>vultis,</span> <span class='ocrx_word' id='word_1_142' title='bbox 424 1852 459 1908; x_wconf 93' lang='lat' dir='ltr'>ut</span> <span class='ocrx_word' id='word_1_143' title='bbox 471 1849 539 1908; x_wconf 90' lang='lat' dir='ltr'>illos</span> <span class='ocrx_word' id='word_1_144' title='bbox 553 1852 694 1910; x_wconf 89' lang='lat' dir='ltr'>mentitos</span> <span class='ocrx_word' id='word_1_145' title='bbox 708 1850 838 1910; x_wconf 87' lang='lat' dir='ltr'>breviter</span> <span class='ocrx_word' id='word_1_146' title='bbox 851 1849 995 1927; x_wconf 81' lang='lat' dir='ltr'>probem?</span> <span class='ocrx_word' id='word_1_147' title='bbox 1028 1852 1160 1928; x_wconf 84' lang='lat' dir='ltr'>despera-</span> 
     </span>
     <span class='ocr_line' id='line_1_20' title="bbox 149 1937 1159 2016; baseline 0.002 -19"><span class='ocrx_word' id='word_1_148' title='bbox 149 1940 256 1997; x_wconf 83' lang='lat' dir='ltr'>verunt</span> <span class='ocrx_word' id='word_1_149' title='bbox 274 1937 309 1996; x_wconf 90' lang='lat' dir='ltr'>de</span> <span class='ocrx_word' id='word_1_150' title='bbox 328 1938 470 2016; x_wconf 88' lang='lat' dir='ltr'>languore</span> <span class='ocrx_word' id='word_1_151' title='bbox 489 1941 571 1998; x_wconf 91' lang='lat' dir='ltr'>cuius</span> <span class='ocrx_word' id='word_1_152' title='bbox 590 1940 762 2014; x_wconf 91' lang='lat' dir='ltr'>remedium,</span> <span class='ocrx_word' id='word_1_153' title='bbox 785 1941 811 1999; x_wconf 87' lang='lat' dir='ltr'>si</span> <span class='ocrx_word' id='word_1_154' title='bbox 833 1941 914 2016; x_wconf 81' lang='lat' dir='ltr'>patri</span> <span class='ocrx_word' id='word_1_155' title='bbox 932 1939 1064 2016; x_wconf 82' lang='lat' dir='ltr'>creditis,</span> <span class='ocrx_word' id='word_1_156' title='bbox 1088 1940 1159 1999; x_wconf 87' lang='lat' dir='ltr'>alius</span> 
     </span>
     <span class='ocr_line' id='line_1_21' title="bbox 148 2028 1190 2102; baseline 0.002 -18"><span class='ocrx_word' id='word_1_157' title='bbox 148 2029 271 2085; x_wconf 87' lang='lat' dir='ltr'>invenit.</span> <span class='ocrx_word' id='word_1_158' title='bbox 317 2029 379 2086; x_wconf 85' lang='lat' dir='ltr'>sive</span> <span class='ocrx_word' id='word_1_159' title='bbox 403 2028 494 2102; x_wconf 87' lang='lat' dir='ltr'>enim,</span> <span class='ocrx_word' id='word_1_160' title='bbox 517 2029 643 2102; x_wconf 90' lang='lat' dir='ltr'>iudices,</span> <span class='ocrx_word' id='word_1_161' title='bbox 666 2030 845 2089; x_wconf 82' lang='lat' dir='ltr'>vanissimus</span> <span class='ocrx_word' id='word_1_162' title='bbox 868 2031 1066 2088; x_wconf 84' lang='lat' dir='ltr'>nescientium</span> <span class='ocrx_word' id='word_1_163' title='bbox 1088 2029 1190 2089; x_wconf 79' lang='lat' dir='ltr'>vidite</span> 
     </span>
     <span class='ocr_line' id='line_1_22' title="bbox 149 2117 1160 2196; baseline 0 -20"><span class='ocrx_word' id='word_1_164' title='bbox 149 2118 225 2176; x_wconf 87' lang='lat' dir='ltr'>hanc</span> <span class='ocrx_word' id='word_1_165' title='bbox 248 2117 342 2192; x_wconf 89' lang='lat' dir='ltr'>patris</span> <span class='ocrx_word' id='word_1_166' title='bbox 365 2117 397 2173; x_wconf 92' lang='lat' dir='ltr'>in</span> <span class='ocrx_word' id='word_1_167' title='bbox 419 2117 550 2192; x_wconf 91' lang='lat' dir='ltr'>periculo</span> <span class='ocrx_word' id='word_1_168' title='bbox 574 2117 735 2177; x_wconf 89' lang='lat' dir='ltr'>liberorum</span> <span class='ocrx_word' id='word_1_169' title='bbox 753 2119 882 2196; x_wconf 84' lang='lat' dir='ltr'>rigidam</span> <span class='ocrx_word' id='word_1_170' title='bbox 904 2120 1090 2195; x_wconf 86' lang='lat' dir='ltr'>nimiamque</span> <span class='ocrx_word' id='word_1_171' title='bbox 1111 2138 1160 2195; x_wconf 87' lang='lat' dir='ltr'>pa·</span> 
     </span>
     <span class='ocr_line' id='line_1_23' title="bbox 149 2206 1160 2285; baseline -0.001 -20"><span class='ocrx_word' id='word_1_172' title='bbox 149 2206 286 2265; x_wconf 89' lang='lat' dir='ltr'>tientiam</span> <span class='ocrx_word' id='word_1_173' title='bbox 314 2208 344 2264; x_wconf 91' lang='lat' dir='ltr'>et</span> <span class='ocrx_word' id='word_1_174' title='bbox 370 2206 519 2264; x_wconf 91' lang='lat' dir='ltr'>hominem</span> <span class='ocrx_word' id='word_1_175' title='bbox 546 2207 578 2264; x_wconf 89' lang='lat' dir='ltr'>in</span> <span class='ocrx_word' id='word_1_176' title='bbox 605 2206 735 2266; x_wconf 89' lang='lat' dir='ltr'>filiorum</span> <span class='ocrx_word' id='word_1_177' title='bbox 766 2208 909 2285; x_wconf 87' lang='lat' dir='ltr'>languore</span> <span class='ocrx_word' id='word_1_178' title='bbox 937 2207 1102 2267; x_wconf 88' lang='lat' dir='ltr'>sollicitum</span> <span class='ocrx_word' id='word_1_179' title='bbox 1127 2207 1160 2264; x_wconf 89' lang='lat' dir='ltr'>dc</span> 
     </span>
     <span class='ocr_line' id='line_1_24' title="bbox 149 2294 1159 2373; baseline 0.002 -20"><span class='ocrx_word' id='word_1_180' title='bbox 149 2294 279 2354; x_wconf 90' lang='lat' dir='ltr'>remedio</span> <span class='ocrx_word' id='word_1_181' title='bbox 299 2295 414 2372; x_wconf 87' lang='lat' dir='ltr'>generis</span> <span class='ocrx_word' id='word_1_182' title='bbox 436 2296 568 2369; x_wconf 89' lang='lat' dir='ltr'>humani,</span> <span class='ocrx_word' id='word_1_183' title='bbox 591 2298 653 2354; x_wconf 84' lang='lat' dir='ltr'>sire</span> <span class='ocrx_word' id='word_1_184' title='bbox 672 2297 807 2371; x_wconf 86' lang='lat' dir='ltr'>captavit</span> <span class='ocrx_word' id='word_1_185' title='bbox 829 2315 864 2354; x_wconf 81' lang='lat' dir='ltr'>ex</span> <span class='ocrx_word' id='word_1_186' title='bbox 886 2296 942 2355; x_wconf 91' lang='lat' dir='ltr'>hoc</span> <span class='ocrx_word' id='word_1_187' title='bbox 961 2297 1050 2355; x_wconf 87' lang='lat' dir='ltr'>vultu</span> <span class='ocrx_word' id='word_1_188' title='bbox 1073 2315 1159 2373; x_wconf 85' lang='lat' dir='ltr'>quan-</span> 
     </span>
     <span class='ocr_line' id='line_1_25' title="bbox 150 2384 1161 2460; baseline 0 -19"><span class='ocrx_word' id='word_1_189' title='bbox 150 2384 220 2442; x_wconf 89' lang='lat' dir='ltr'>dam</span> <span class='ocrx_word' id='word_1_190' title='bbox 243 2385 315 2442; x_wconf 88' lang='lat' dir='ltr'>artis</span> <span class='ocrx_word' id='word_1_191' title='bbox 338 2385 500 2460; x_wconf 85' lang='lat' dir='ltr'>imaginem</span> <span class='ocrx_word' id='word_1_192' title='bbox 522 2384 649 2458; x_wconf 89' lang='lat' dir='ltr'>imitari,</span> <span class='ocrx_word' id='word_1_193' title='bbox 678 2385 756 2459; x_wconf 91' lang='lat' dir='ltr'>qnod</span> <span class='ocrx_word' id='word_1_194' title='bbox 780 2403 886 2444; x_wconf 89' lang='lat' dir='ltr'>sanare</span> <span class='ocrx_word' id='word_1_195' title='bbox 909 2404 969 2444; x_wconf 92' lang='lat' dir='ltr'>non</span> <span class='ocrx_word' id='word_1_196' title='bbox 991 2386 1112 2460; x_wconf 88' lang='lat' dir='ltr'>poterat</span> <span class='ocrx_word' id='word_1_197' title='bbox 1133 2392 1161 2443; x_wconf 89' lang='lat' dir='ltr'>et</span> 
     </span>
     <span class='ocr_line' id='line_1_26' title="bbox 150 2473 1190 2550; baseline 0.002 -21"><span class='ocrx_word' id='word_1_198' title='bbox 150 2474 337 2550; x_wconf 88' lang='lat' dir='ltr'>ignorantiae</span> <span class='ocrx_word' id='word_1_199' title='bbox 360 2473 504 2548; x_wconf 90' lang='lat' dir='ltr'>pudorem</span> <span class='ocrx_word' id='word_1_200' title='bbox 521 2474 621 2550; x_wconf 89' lang='lat' dir='ltr'>tegere</span> <span class='ocrx_word' id='word_1_201' title='bbox 639 2493 748 2550; x_wconf 89' lang='lat' dir='ltr'>magno</span> <span class='ocrx_word' id='word_1_202' title='bbox 766 2475 927 2549; x_wconf 84' lang='lat' dir='ltr'>temptavit</span> <span class='ocrx_word' id='word_1_203' title='bbox 945 2474 1070 2549; x_wconf 90' lang='lat' dir='ltr'>incerto,</span> <span class='ocrx_word' id='word_1_204' title='bbox 1093 2473 1190 2545; x_wconf 70' lang='lat' dir='ltr'>siras</span> 
     </span>
     <span class='ocr_line' id='line_1_27' title="bbox 151 2561 1159 2639; baseline 0.001 -20"><span class='ocrx_word' id='word_1_205' title='bbox 151 2563 185 2619; x_wconf 91' lang='lat' dir='ltr'>ut</span> <span class='ocrx_word' id='word_1_206' title='bbox 204 2561 286 2620; x_wconf 90' lang='lat' dir='ltr'>aliud</span> <span class='ocrx_word' id='word_1_207' title='bbox 304 2561 455 2620; x_wconf 81' lang='lat' dir='ltr'>rideretur</span> <span class='ocrx_word' id='word_1_208' title='bbox 473 2561 580 2620; x_wconf 86' lang='lat' dir='ltr'>dixisse</span> <span class='ocrx_word' id='word_1_209' title='bbox 598 2581 688 2637; x_wconf 91' lang='lat' dir='ltr'>quam</span> <span class='ocrx_word' id='word_1_210' title='bbox 705 2564 822 2639; x_wconf 88' lang='lat' dir='ltr'>reliqui,</span> <span class='ocrx_word' id='word_1_211' title='bbox 841 2562 932 2622; x_wconf 86' lang='lat' dir='ltr'>verba</span> <span class='ocrx_word' id='word_1_212' title='bbox 950 2562 1159 2638; x_wconf 80' lang='lat' dir='ltr'>desperationis</span> 
     </span>
    </p>
   </div>
   <div class='ocr_carea' id='block_1_3' title="bbox 153 2712 1161 2925">
    <p class='ocr_par' dir='ltr' id='par_1_4' title="bbox 153 2712 1161 2925">
     <span class='ocr_line' id='line_1_28' title="bbox 224 2712 1114 2781; baseline 0.002 -15"><span class='ocrx_word' id='word_1_213' title='bbox 224 2720 238 2766; x_wconf 85' lang='lat'>1</span> <span class='ocrx_word' id='word_1_214' title='bbox 257 2713 352 2766; x_wconf 87' lang='lat' dir='ltr'>miseri</span> <span class='ocrx_word' id='word_1_215' title='bbox 371 2727 385 2777; x_wconf 81' lang='lat' dir='ltr'>p</span> <span class='ocrx_word' id='word_1_216' title='bbox 438 2720 454 2765; x_wconf 78' lang='lat'><strong>2</strong></span> <span class='ocrx_word' id='word_1_217' title='bbox 476 2730 532 2767; x_wconf 90' lang='lat' dir='ltr'>non</span> <span class='ocrx_word' id='word_1_218' title='bbox 550 2712 739 2767; x_wconf 82' lang='lat' dir='ltr'>fraternitate:</span> <span class='ocrx_word' id='word_1_219' title='bbox 759 2713 921 2768; x_wconf 86' lang='lat' dir='ltr'>infirmitate</span> <span class='ocrx_word' id='word_1_220' title='bbox 940 2723 979 2781; x_wconf 76' lang='grc' dir='ltr'>Ι,</span> <span class='ocrx_word' id='word_1_221' title='bbox 997 2731 1067 2770; x_wconf 84' lang='lat' dir='ltr'>corr.</span> <span class='ocrx_word' id='word_1_222' title='bbox 1082 2736 1114 2768; x_wconf 76' lang='grc' dir='ltr'>ιι</span> 
     </span>
     <span class='ocr_line' id='line_1_29' title="bbox 153 2784 1116 2855; baseline 0.002 -17"><span class='ocrx_word' id='word_1_223' title='bbox 153 2791 170 2838; x_wconf 80' lang='lat'>4</span> <span class='ocrx_word' id='word_1_224' title='bbox 189 2800 245 2852; x_wconf 90' lang='lat' dir='ltr'>qua</span> <span class='ocrx_word' id='word_1_225' title='bbox 264 2784 316 2838; x_wconf 87' lang='lat' dir='ltr'>sic:</span> <span class='ocrx_word' id='word_1_226' title='bbox 336 2784 418 2851; x_wconf 83' lang='lat' dir='ltr'>quasi</span> <span class='ocrx_word' id='word_1_227' title='bbox 435 2794 463 2837; x_wconf 96' lang='grc' dir='ltr'><em>Β</em></span> <span class='ocrx_word' id='word_1_228' title='bbox 528 2790 544 2837; x_wconf 77' lang='lat'>5</span> <span class='ocrx_word' id='word_1_229' title='bbox 564 2801 730 2855; x_wconf 79' lang='lat' dir='ltr'>negaveram</span> <span class='ocrx_word' id='word_1_230' title='bbox 748 2795 775 2838; x_wconf 80' lang='lat' dir='ltr'><em>P</em></span> <span class='ocrx_word' id='word_1_231' title='bbox 844 2791 860 2838; x_wconf 84' lang='grc'><strong>6</strong></span> <span class='ocrx_word' id='word_1_232' title='bbox 880 2788 987 2840; x_wconf 78' lang='lat' dir='ltr'>tamem</span> <span class='ocrx_word' id='word_1_233' title='bbox 1007 2788 1070 2840; x_wconf 89' lang='lat' dir='ltr'>tum</span> <span class='ocrx_word' id='word_1_234' title='bbox 1088 2795 1116 2840; x_wconf 81' lang='lat' dir='ltr'><em>P</em></span> 
     </span>
     <span class='ocr_line' id='line_1_30' title="bbox 154 2854 1161 2925; baseline -0.001 -17"><span class='ocrx_word' id='word_1_235' title='bbox 154 2862 185 2908; x_wconf 91' lang='lat'>10</span> <span class='ocrx_word' id='word_1_236' title='bbox 212 2854 337 2908; x_wconf 88' lang='lat' dir='ltr'>mentitis</span> <span class='ocrx_word' id='word_1_237' title='bbox 363 2865 396 2922; x_wconf 83' lang='lat' dir='ltr'>P,</span> <span class='ocrx_word' id='word_1_238' title='bbox 421 2874 489 2911; x_wconf 84' lang='lat' dir='ltr'>corr.</span> <span class='ocrx_word' id='word_1_239' title='bbox 510 2878 531 2916; x_wconf 70' lang='lat' dir='ltr'>a</span> <span class='ocrx_word' id='word_1_240' title='bbox 555 2857 597 2910; x_wconf 86' lang='lat' dir='ltr'>ccl</span> <span class='ocrx_word' id='word_1_241' title='bbox 622 2873 696 2911; x_wconf 81' lang='lat' dir='ltr'>moe.</span> <span class='ocrx_word' id='word_1_242' title='bbox 718 2861 735 2910; x_wconf 91' lang='lat'><em>3</em></span> <span class='ocrx_word' id='word_1_243' title='bbox 826 2862 858 2910; x_wconf 90' lang='lat'>11</span> <span class='ocrx_word' id='word_1_244' title='bbox 885 2857 1028 2925; x_wconf 82' lang='lat' dir='ltr'>querimus</span> <span class='ocrx_word' id='word_1_245' title='bbox 1054 2867 1097 2923; x_wconf 76' lang='grc' dir='ltr'>Ι,</span> <span class='ocrx_word' id='word_1_246' title='bbox 1121 2855 1161 2909; x_wconf 79' lang='lat' dir='ltr'>vel</span> 
     </span>
    </p>
   </div>
   <div class='ocr_carea' id='block_1_4' title="bbox 152 2932 1164 3299">
    <p class='ocr_par' dir='ltr' id='par_1_5' title="bbox 152 2932 1164 3299">
     <span class='ocr_line' id='line_1_31' title="bbox 152 2932 1164 3014; baseline 0.004 -18"><span class='ocrx_word' id='word_1_247' title='bbox 152 2945 294 3013; x_wconf 88' lang='lat' dir='ltr'>querimur</span> <span class='ocrx_word' id='word_1_248' title='bbox 312 2962 385 3013; x_wconf 73' lang='lat' dir='ltr'>supr.</span> <span class='ocrx_word' id='word_1_249' title='bbox 400 2967 432 2997; x_wconf 71' lang='lat' dir='ltr'>n</span> <span class='ocrx_word' id='word_1_250' title='bbox 516 2946 605 3013; x_wconf 90' lang='lat' dir='ltr'>quod:</span> <span class='ocrx_word' id='word_1_251' title='bbox 625 2932 685 3014; x_wconf 60' lang='lat' dir='ltr'>q*P</span> <span class='ocrx_word' id='word_1_252' title='bbox 770 2952 803 2998; x_wconf 81' lang='lat'>14</span> <span class='ocrx_word' id='word_1_253' title='bbox 820 2945 994 3014; x_wconf 85' lang='lat' dir='ltr'>probitatem</span> <span class='ocrx_word' id='word_1_254' title='bbox 1011 2945 1101 3013; x_wconf 82' lang='lat' dir='ltr'>malo,</span> <span class='ocrx_word' id='word_1_255' title='bbox 1119 2944 1164 3000; x_wconf 80' lang='lat' dir='ltr'>cod</span> 
     </span>
     <span class='ocr_line' id='line_1_32' title="bbox 154 3016 1164 3084; baseline 0.001 -15"><span class='ocrx_word' id='word_1_256' title='bbox 154 3021 258 3084; x_wconf 62' lang='lat' dir='ltr'>accep.</span> <span class='ocrx_word' id='word_1_257' title='bbox 278 3025 299 3066; x_wconf 80' lang='lat' dir='ltr'><em>V</em></span> <span class='ocrx_word' id='word_1_258' title='bbox 379 3016 466 3070; x_wconf 90' lang='lat' dir='ltr'>malo:</span> <span class='ocrx_word' id='word_1_259' title='bbox 486 3033 501 3069; x_wconf 93' lang='lat'>0</span> <span class='ocrx_word' id='word_1_260' title='bbox 521 3018 552 3069; x_wconf 79' lang='lat' dir='ltr'>ia</span> <span class='ocrx_word' id='word_1_261' title='bbox 570 3034 625 3071; x_wconf 82' lang='lat' dir='ltr'>rae.</span> <span class='ocrx_word' id='word_1_262' title='bbox 644 3021 664 3070; x_wconf 84' lang='lat'><strong><em>2</em></strong></span> <span class='ocrx_word' id='word_1_263' title='bbox 681 3018 722 3071; x_wconf 81' lang='lat' dir='ltr'>cel</span> <span class='ocrx_word' id='word_1_264' title='bbox 740 3021 758 3070; x_wconf 84' lang='lat'><em>3</em></span> <span class='ocrx_word' id='word_1_265' title='bbox 776 3018 826 3071; x_wconf 76' lang='lat' dir='ltr'>litt.</span> <span class='ocrx_word' id='word_1_266' title='bbox 843 3026 874 3069; x_wconf 70' lang='grc' dir='ltr'><em>Μ</em></span> <span class='ocrx_word' id='word_1_267' title='bbox 963 3023 996 3070; x_wconf 79' lang='grc'>15</span> <span class='ocrx_word' id='word_1_268' title='bbox 1021 3017 1116 3071; x_wconf 71' lang='lat' dir='ltr'>sanam</span> <span class='ocrx_word' id='word_1_269' title='bbox 1132 3032 1164 3070; x_wconf 68' lang='lat' dir='ltr'><strong><em>a</em></strong></span> 
     </span>
     <span class='ocr_line' id='line_1_33' title="bbox 152 3088 1163 3157; baseline 0.005 -19"><span class='ocrx_word' id='word_1_270' title='bbox 152 3103 195 3138; x_wconf 92' lang='lat' dir='ltr'>-re</span> <span class='ocrx_word' id='word_1_271' title='bbox 213 3096 241 3139; x_wconf 91' lang='grc' dir='ltr'><em>Β</em></span> <span class='ocrx_word' id='word_1_272' title='bbox 293 3088 400 3140; x_wconf 74' lang='lat' dir='ltr'>tamenz</span> <span class='ocrx_word' id='word_1_273' title='bbox 422 3089 483 3140; x_wconf 89' lang='lat' dir='ltr'>tum</span> <span class='ocrx_word' id='word_1_274' title='bbox 500 3096 527 3139; x_wconf 80' lang='lat' dir='ltr'><em>P</em></span> <span class='ocrx_word' id='word_1_275' title='bbox 581 3093 612 3141; x_wconf 81' lang='grc'>16</span> <span class='ocrx_word' id='word_1_276' title='bbox 628 3094 692 3157; x_wconf 79' lang='lat' dir='ltr'>poet</span> <span class='ocrx_word' id='word_1_277' title='bbox 710 3104 777 3141; x_wconf 82' lang='lat' dir='ltr'>suae</span> <span class='ocrx_word' id='word_1_278' title='bbox 796 3090 892 3142; x_wconf 78' lang='lat' dir='ltr'>iecerit</span> <span class='ocrx_word' id='word_1_279' title='bbox 914 3089 1054 3142; x_wconf 85' lang='lat' dir='ltr'>secretum</span> <span class='ocrx_word' id='word_1_280' title='bbox 1071 3088 1163 3151; x_wconf 53' lang='lat' dir='ltr'>Deera</span> 
     </span>
     <span class='ocr_line' id='line_1_34' title="bbox 153 3158 1164 3226; baseline 0 -16"><span class='ocrx_word' id='word_1_281' title='bbox 153 3175 271 3226; x_wconf 90' lang='lat' dir='ltr'>quorum</span> <span class='ocrx_word' id='word_1_282' title='bbox 291 3158 346 3210; x_wconf 88' lang='lat' dir='ltr'>arti</span> <span class='ocrx_word' id='word_1_283' title='bbox 366 3158 413 3211; x_wconf 77' lang='lat' dir='ltr'>Gr.</span> <span class='ocrx_word' id='word_1_284' title='bbox 495 3164 527 3212; x_wconf 81' lang='lat'>17</span> <span class='ocrx_word' id='word_1_285' title='bbox 550 3159 676 3213; x_wconf 89' lang='lat' dir='ltr'>indicare</span> <span class='ocrx_word' id='word_1_286' title='bbox 694 3177 751 3213; x_wconf 91' lang='lat' dir='ltr'>non</span> <span class='ocrx_word' id='word_1_287' title='bbox 768 3158 907 3213; x_wconf 81' lang='lat' dir='ltr'>voluerint</span> <span class='ocrx_word' id='word_1_288' title='bbox 929 3168 952 3210; x_wconf 78' lang='lat' dir='ltr'><strong><em>V</em></strong></span> <span class='ocrx_word' id='word_1_289' title='bbox 1019 3158 1164 3213; x_wconf 84' lang='lat' dir='ltr'>voluerunt</span> 
     </span>
     <span class='ocr_line' id='line_1_35' title="bbox 152 3228 1162 3299; baseline 0.001 -18"><span class='ocrx_word' id='word_1_290' title='bbox 152 3229 250 3283; x_wconf 79' lang='lat' dir='ltr'>vultis:</span> <span class='ocrx_word' id='word_1_291' title='bbox 269 3230 322 3281; x_wconf 92' lang='lat' dir='ltr'>unt</span> <span class='ocrx_word' id='word_1_292' title='bbox 338 3228 424 3282; x_wconf 81' lang='lat' dir='ltr'>vultis</span> <span class='ocrx_word' id='word_1_293' title='bbox 442 3231 473 3283; x_wconf 79' lang='lat' dir='ltr'>in</span> <span class='ocrx_word' id='word_1_294' title='bbox 486 3247 540 3284; x_wconf 82' lang='lat' dir='ltr'>rus.</span> <span class='ocrx_word' id='word_1_295' title='bbox 556 3240 583 3283; x_wconf 94' lang='grc' dir='ltr'><em>Β</em></span> <span class='ocrx_word' id='word_1_296' title='bbox 655 3236 688 3285; x_wconf 85' lang='grc'>18</span> <span class='ocrx_word' id='word_1_297' title='bbox 706 3233 739 3285; x_wconf 88' lang='lat' dir='ltr'>ut</span> <span class='ocrx_word' id='word_1_298' title='bbox 757 3240 795 3296; x_wconf 80' lang='grc' dir='ltr'>Β;</span> <span class='ocrx_word' id='word_1_299' title='bbox 814 3233 843 3284; x_wconf 93' lang='lat' dir='ltr'>et</span> <span class='ocrx_word' id='word_1_300' title='bbox 860 3230 961 3299; x_wconf 76' lang='lat' dir='ltr'>reliqui</span> <span class='ocrx_word' id='word_1_301' title='bbox 1033 3230 1162 3284; x_wconf 85' lang='lat' dir='ltr'>breviter:</span> 
     </span>
    </p>
   </div>
   <div class='ocr_carea' id='block_1_5' title="bbox 143 3318 1166 3621">
    <p class='ocr_par' dir='ltr' id='par_1_6' title="bbox 143 3318 1166 3621">
     <span class='ocr_line' id='line_1_36' title="bbox 153 3318 1163 3405; baseline 0.003 -17"><span class='ocrx_word' id='word_1_302' title='bbox 153 3335 292 3405; x_wconf 68' lang='lat' dir='ltr'>praecor</span> <span class='ocrx_word' id='word_1_303' title='bbox 305 3344 332 3387; x_wconf 75' lang='lat' dir='ltr'>r</span> <span class='ocrx_word' id='word_1_304' title='bbox 401 3341 434 3389; x_wconf 79' lang='lat'>21</span> <span class='ocrx_word' id='word_1_305' title='bbox 454 3318 543 3404; x_wconf 71' lang='lat' dir='ltr'>paea⁸</span> <span class='ocrx_word' id='word_1_306' title='bbox 562 3347 594 3402; x_wconf 79' lang='lat' dir='ltr'>a,</span> <span class='ocrx_word' id='word_1_307' title='bbox 615 3355 627 3390; x_wconf 77' lang='lat' dir='ltr'>s</span> <span class='ocrx_word' id='word_1_308' title='bbox 646 3338 744 3393; x_wconf 59' lang='lat' dir='ltr'>acce</span> <span class='ocrx_word' id='word_1_309' title='bbox 801 3336 937 3390; x_wconf 80' lang='lat' dir='ltr'>librorum</span> <span class='ocrx_word' id='word_1_310' title='bbox 955 3346 983 3391; x_wconf 74' lang='lat' dir='ltr'>r</span> <span class='ocrx_word' id='word_1_311' title='bbox 1053 3343 1087 3391; x_wconf 76' lang='lat' dir='ltr'>aa</span> <span class='ocrx_word' id='word_1_312' title='bbox 1107 3338 1163 3391; x_wconf 76' lang='lat' dir='ltr'>aa</span> 
     </span>
     <span class='ocr_line' id='line_1_37' title="bbox 153 3406 1164 3477; baseline 0.004 -17"><span class='ocrx_word' id='word_1_313' title='bbox 153 3423 269 3476; x_wconf 89' lang='lat' dir='ltr'>guorem</span> <span class='ocrx_word' id='word_1_314' title='bbox 287 3427 306 3458; x_wconf 79' lang='grc' dir='ltr'><strong><em>α</em></strong></span> <span class='ocrx_word' id='word_1_315' title='bbox 360 3412 394 3461; x_wconf 75' lang='lat'>24</span> <span class='ocrx_word' id='word_1_316' title='bbox 412 3406 566 3477; x_wconf 88' lang='lat' dir='ltr'>imaginem</span> <span class='ocrx_word' id='word_1_317' title='bbox 583 3417 722 3476; x_wconf 63' lang='lat' dir='ltr'>emmo,</span> <span class='ocrx_word' id='word_1_318' title='bbox 741 3408 908 3463; x_wconf 83' lang='lat' dir='ltr'>industriam</span> <span class='ocrx_word' id='word_1_319' title='bbox 919 3417 962 3474; x_wconf 76' lang='lat'>13</span> <span class='ocrx_word' id='word_1_320' title='bbox 980 3409 1164 3463; x_wconf 76' lang='lat' dir='ltr'>mutationem</span> 
     </span>
     <span class='ocr_line' id='line_1_38' title="bbox 154 3478 1162 3550; baseline 0.003 -18"><span class='ocrx_word' id='word_1_321' title='bbox 154 3479 194 3532; x_wconf 85' lang='lat' dir='ltr'>cel</span> <span class='ocrx_word' id='word_1_322' title='bbox 208 3478 330 3548; x_wconf 88' lang='lat' dir='ltr'>effigiem</span> <span class='ocrx_word' id='word_1_323' title='bbox 345 3490 361 3530; x_wconf 72' lang='lat' dir='ltr'>e</span> <span class='ocrx_word' id='word_1_324' title='bbox 415 3484 448 3533; x_wconf 81' lang='lat'>26</span> <span class='ocrx_word' id='word_1_325' title='bbox 467 3479 619 3533; x_wconf 83' lang='lat' dir='ltr'>videretur:</span> <span class='ocrx_word' id='word_1_326' title='bbox 639 3480 778 3534; x_wconf 87' lang='lat' dir='ltr'>diceretur</span> <span class='ocrx_word' id='word_1_327' title='bbox 791 3488 821 3546; x_wconf 71' lang='grc' dir='ltr'>νς</span> <span class='ocrx_word' id='word_1_328' title='bbox 839 3495 892 3548; x_wconf 70' lang='lat' dir='ltr'>qao</span> <span class='ocrx_word' id='word_1_329' title='bbox 906 3478 992 3534; x_wconf 80' lang='lat' dir='ltr'>deleto</span> <span class='ocrx_word' id='word_1_330' title='bbox 1003 3496 1080 3550; x_wconf 69' lang='lat' dir='ltr'>capr.</span> <span class='ocrx_word' id='word_1_331' title='bbox 1090 3479 1162 3535; x_wconf 79' lang='lat' dir='ltr'>vide</span> 
     </span>
     <span class='ocr_line' id='line_1_39' title="bbox 143 3548 1166 3621; baseline 0 -19"><span class='ocrx_word' id='word_1_332' title='bbox 143 3551 231 3618; x_wconf 86' lang='lat' dir='ltr'>retur,</span> <span class='ocrx_word' id='word_1_333' title='bbox 251 3549 302 3607; x_wconf 79' lang='lat' dir='ltr'>ced</span> <span class='ocrx_word' id='word_1_334' title='bbox 318 3548 444 3621; x_wconf 80' lang='lat' dir='ltr'>dubium,</span> <span class='ocrx_word' id='word_1_335' title='bbox 463 3568 503 3608; x_wconf 78' lang='lat' dir='ltr'>cn</span> <span class='ocrx_word' id='word_1_336' title='bbox 519 3551 612 3607; x_wconf 81' lang='lat' dir='ltr'>cudero</span> <span class='ocrx_word' id='word_1_337' title='bbox 629 3568 727 3606; x_wconf 71' lang='lat' dir='ltr'>uocaus</span> <span class='ocrx_word' id='word_1_338' title='bbox 793 3549 897 3620; x_wconf 68' lang='lat' dir='ltr'>rerba}</span> <span class='ocrx_word' id='word_1_339' title='bbox 915 3552 943 3621; x_wconf 77' lang='lat' dir='ltr'>(a</span> <span class='ocrx_word' id='word_1_340' title='bbox 960 3568 998 3607; x_wconf 81' lang='lat' dir='ltr'>er.</span> <span class='ocrx_word' id='word_1_341' title='bbox 1011 3552 1166 3621; x_wconf 63' lang='grc' dir='ltr'>Μάνην</span> 
     </span>
    </p>
   </div>
   <div class='ocr_carea' id='block_1_6' title="bbox 0 0 1214 3840">
    <p class='ocr_par' dir='ltr' id='par_1_7' title="bbox 0 0 1214 3840">
     <span class='ocr_line' id='line_1_40' title="bbox 0 0 1214 3840; baseline 0 0"><span class='ocrx_word' id='word_1_342' title='bbox 0 0 1214 3840; x_wconf 95' lang='lat' dir='ltr'> </span> 
     </span>
    </p>
   </div>
  </div>
 </body>
</html>
