2408 3840
110 163 175 225 428
424 160 618 215 EXCERPTA
636 159 815 215 PARISINA.

111 333 327 407 pernegaverit.
370 331 443 405 quid
473 334 581 408 agunt,
610 333 727 404 insane,
759 333 865 389 contra
895 350 1047 389 rumorem
1073 334 1125 388 tor-

110 423 212 478 menta
231 418 366 478 secreta?
402 439 503 478 eoram
522 420 658 480 omnibus
677 424 818 494 torquere
837 419 927 478 debet
946 421 997 495 qui
1016 420 1066 478 vel
1085 420 1126 478 ab·

110 509 224 567 solvere
252 510 301 567 vel
328 508 460 567 occidam
483 509 621 569 intendit
662 509 696 566 P.
715 527 776 567 non
798 511 902 583 potuit
926 508 1057 581 absolvi,
1083 528 1128 584 po·

109 601 170 655 tuit
200 598 303 657 occidi.
352 599 397 656 Μ.
416 601 556 658 utrumne
587 598 703 657 absolvi
736 595 858 672 posset?
908 617 1011 657 coram
1041 602 1129 657 matre

110 688 218 746 saltem
242 687 389 764 agendum
413 690 497 746 esset
541 690 594 762 qui
619 691 778 762 torquetur
804 689 837 744 in
860 690 1007 760 matrem,
1037 706 1158 747 corant

110 779 206 834 matre
229 776 412 851 torquendus
431 779 484 836 est.
527 796 579 835 cur
598 796 616 835 a
635 794 725 836 causa
747 794 802 834 sua
820 775 928 835 infelix
947 775 1129 836 excluditur?

111 866 218 924 adhibe
242 867 368 940 speciosi
391 865 571 924 cruciatibus
590 869 749 924 amantem.
791 867 818 923 si
841 866 923 940 quod
944 865 1064 925 facinus
1088 866 1130 924 ad·

110 957 234 1013 missum
264 957 322 1028 est,
356 958 515 1030 torquetur
542 954 636 1030 filius,
671 954 722 1014 sed
750 953 897 1012 fatebitur
929 958 1039 1013 mater.
1087 954 1130 1015 sed

110 1047 212 1102 tamen
235 1043 308 1118 quid
332 1042 464 1102 audisti?
505 1063 558 1102 cur
584 1063 645 1102 non
667 1046 700 1102 in
727 1044 976 1102 exclamationem
1000 1064 1130 1121 prorum·

110 1132 177 1206 pis?
219 1133 252 1189 P.
272 1134 368 1191 omnis
390 1134 583 1207 impatientia
611 1135 644 1191 in
674 1133 835 1209 parricidio
864 1137 992 1207 peracta
1016 1138 1076 1208 est,
1102 1136 1160 1192 inu

110 1222 240 1280 orbitate
263 1222 415 1280 conticuit.
456 1226 617 1296 utrumque
640 1222 676 1280 de
700 1221 763 1280 filio
785 1221 851 1279 fieri
872 1241 935 1280 non
957 1226 1076 1297 potest,
1102 1227 1130 1281 ut

111 1314 141 1368 et
171 1309 330 1368 occiderim
366 1315 396 1368 et
429 1330 572 1370 accusem.
621 1312 722 1369 omnia
753 1329 807 1385 pro
839 1309 903 1369 filio
934 1311 1056 1371 dixerat
1085 1314 1131 1388 qui

111 1400 199 1457 dixit:
223 1399 326 1458 occidi.
364 1401 409 1457 M.
426 1402 618 1473 miseremini,
635 1400 757 1474 iudices,
776 1398 915 1460 orbitatis
934 1419 1033 1475 meae,
1051 1403 1130 1461 mise

110 1490 218 1545 remini
240 1488 447 1562 lacrimarum,
477 1507 537 1547 non
566 1508 688 1564 possum
710 1508 770 1548 non
800 1488 884 1560 flere,
915 1508 977 1548 non
1010 1509 1129 1567 gemere.

110 1578 158 1633 hic
182 1580 282 1635 autem
300 1580 388 1636 tacet.
426 1578 459 1635 P.
480 1582 592 1652 cavete,
610 1577 642 1635 P.
663 1576 704 1650 0.,
722 1581 834 1650 cavete,
852 1598 889 1636 ne
908 1580 1038 1653 pietatis
1057 1597 1159 1640 errorlt

110 1684 163 1724 vos
181 1666 326 1725 involvat.
368 1686 416 1725 me
433 1669 530 1744 magis
549 1668 703 1726 miseratio
726 1667 822 1726 decet:
845 1667 943 1726 filiurn
967 1673 1001 1727 et
1018 1669 1129 1745 perdidi

111 1759 141 1812 et
160 1755 262 1813 occidi.
304 1756 455 1815 infelicior
478 1775 513 1814 ex
537 1756 650 1816 duobus
674 1758 721 1815 est
742 1758 794 1831 qui
815 1760 846 1815 et
866 1758 987 1831 patitur
1012 1760 1129 1818 etfacit

111 1865 163 1903 cur
176 1847 320 1919 patiatur.
362 1846 407 1902 M.
427 1847 513 1920 atqui
530 1849 565 1903 tu
584 1846 642 1904 scis
661 1846 734 1920 quid
752 1847 855 1923 egeris,
879 1865 974 1921 quare
995 1848 1127 1920 effeceris,

110 1954 157 1992 me
171 1953 242 1992 vero
256 1936 429 2012 ignorantia
443 1933 541 1993 dolori
555 1937 650 1993 mixta
663 1936 759 2012 magis
774 1934 938 1994 confimdit.
966 1935 1003 1992 P.
1020 1957 1038 1995 o
1053 1939 1127 2016 igno

110 2026 241 2081 rentiam
260 2025 291 2081 in
310 2024 398 2082 malis
417 2042 534 2099 semper
552 2025 714 2082 feliciorem
737 2043 813 2098 quae
831 2023 922 2082 habet
942 2027 1027 2100 quod
1045 2029 1156 2085 intere

110 2114 209 2189 rogat!
251 2133 299 2170 me
327 2115 423 2170 maior
452 2114 661 2187 impatientiae
688 2114 751 2171 urit
778 2113 908 2172 affectus
956 2133 1014 2172 cur
1042 2116 1128 2174 filium

110 2203 277 2275 (cuderim,
300 2201 433 2259 indicare
457 2221 518 2259 non
535 2221 665 2278 possum,
689 2221 743 2260 nec
764 2204 900 2276 paenitet
924 2203 1010 2278 quod
1034 2205 1128 2264 occidi.

110 2293 153 2347 M.
175 2309 227 2348 cnr
249 2291 382 2350 indicare
405 2309 465 2348 non
488 2289 596 2365 potes?
632 2309 685 2349 cur
707 2289 812 2350 taces?
856 2292 889 2349 P.
908 2295 945 2350 ut
962 2296 1056 2353 uxori
1078 2296 1129 2353 for·

110 2382 187 2437 sitan
211 2397 340 2453 parcam.
383 2381 428 2437 M.
447 2399 506 2438 non
528 2384 612 2454 potes
636 2381 722 2438 uxori
744 2380 838 2439 videri
861 2399 996 2456 parcere,
1022 2384 1059 2443 de
1077 2401 1129 2460 qua

110 2470 183 2526 scire
212 2487 250 2526 un
281 2470 395 2527 incesta
422 2472 512 2543 esset,
540 2468 673 2527 voluisti.
714 2469 748 2526 P.
768 2470 811 2527 sic
837 2473 872 2527 ut
898 2469 971 2528 filio.
1018 2474 1065 2531 M.
1084 2488 1161 2531 nece

109 2558 170 2615 tilio
194 2559 292 2632 parcit
316 2559 376 2632 qui,
399 2560 544 2632 tanquam
568 2560 665 2631 sciret,
688 2558 837 2617 occiderit.
880 2577 933 2616 cur
955 2561 1065 2621 taces?
1103 2562 1131 2620 P.

109 2647 205 2704 dolori
223 2652 322 2705 tacere
339 2647 437 2705 liceat.
479 2649 524 2705 Μ.
544 2649 620 2721 quis,
642 2646 674 2704 P.
696 2644 736 2720 0.,
758 2666 819 2705 non
837 2650 958 2722 stupeat
976 2652 1047 2708 tam
1071 2670 1132 2710 con·

107 2737 217 2794 trarios
246 2737 324 2794 senis
356 2734 500 2795 affectus?
539 2739 572 2794 in
600 2754 717 2794 rumore
747 2741 811 2794 tam
834 2738 987 2810 suspicax,
1020 2742 1055 2799 in
1078 2746 1132 2800 ton

108 2827 217 2882 mentis
236 2827 299 2882 tam
319 2825 418 2898 durus,
441 2827 474 2883 in
492 2825 653 2900 parricidio
672 2825 773 2883 dolore
796 2828 895 2883 tacere
914 2829 1056 2902 poterit?
1079 2849 1135 2888 non

109 2913 199 2971 habet
229 2914 323 2970 alium
347 2915 472 2987 exitum,
501 2933 590 2988 qutun
620 2917 655 2972 ut
684 2914 861 2990 respondere
888 2915 969 2974 nolle
995 2918 1162 2978 udeaune

108 3003 243 3076 quisquis
267 3001 362 3059 filium
386 3001 496 3061 occidit
520 3007 550 3061 et
572 3003 699 3079 probare
726 3022 786 3061 non
807 3006 908 3078 potest
932 3004 1017 3079 quod
1042 3007 1134 3067 occidi

108 3090 251 3148 debuerit.
293 3092 325 3149 P.
345 3092 436 3150 habet
455 3095 541 3150 certe.
584 3092 673 3150 ardor
695 3092 774 3150 enim
793 3093 844 3150 ille
863 3095 915 3168 qui
933 3113 982 3152 me
1008 3097 1135 3173 impegit

107 3179 137 3234 in
169 3179 277 3253 filium,
307 3181 374 3254 ipsa
404 3180 450 3238 sui
480 3182 668 3239 immanitate
699 3187 891 3257 consumptus
923 3188 976 3240 est.
1035 3187 1133 3243 nullus

105 3282 320 3291 ...-....-.-—-<

178 3337 191 3384 1
213 3331 361 3405 negaverit
381 3341 408 3387 κ
480 3338 496 3385 ⁸2
516 3333 618 3386 secreti
637 3343 663 3386 R
743 3333 945 3386 aintendia—
958 3335 1064 3390 saltem
1083 3355 1130 3391 our.

102 3415 149 3460 l'B
218 3413 319 3464 besse
344 3416 392 3463 m
471 3406 672 3475 'lspeciosum
692 3413 719 3454 R
781 3408 820 3452 ta
834 3405 944 3466 purim
962 3415 990 3455 tt
1057 3414 1092 3460 ‘2⁴2
1108 3414 1132 3461 et

86 3483 284 3542 adiudicare
310 3494 359 3541 w
435 3486 471 3538 Ἡ
494 3478 596 3534 dolore
617 3497 642 3527 ω
720 3469 853 3535 <illitam
870 3478 898 3518 R
972 3475 1009 3516 Ἣ
1029 3473 1151 3520 ΚΝ*

76 3561 118 3612 33
137 3559 209 3632 ipse
229 3573 262 3619 R
