2408 3840
140 150 203 214 160
449 149 579 203 GEMINI
597 149 840 204 LANGVENTES

139 320 269 385 ciborum
298 318 555 393 fomentornmque
586 319 743 377 novitates.
790 313 923 393 ‘nescio',
950 319 1064 395 inquit,
1089 314 1151 378 ‘sed

139 411 165 467 si
187 409 355 484 permiseris
379 408 501 466 alterius
525 409 639 483 aperire
657 408 772 482 vitalia,
794 410 898 483 pectus
919 408 1086 486 effringere,
1108 427 1152 468 m·

139 498 269 555 medium
296 496 432 556 fortassis
458 492 629 556 inveniam?
675 496 737 555 iam
769 499 924 556 excusatus
956 515 1000 572 es,
1030 496 1151 572 medice,

139 587 242 656 matri;
267 587 401 662 sperasti,
424 606 461 644 ne
483 585 541 644 tibi
563 585 737 645 crederetur.

87 677 125 732 16
205 675 318 734 Differo
341 676 494 750 paulisper
516 675 595 750 quod
618 675 654 732 dc
676 675 827 751 fratribus,
854 675 933 751 quod
957 675 993 734 de
1017 677 1151 753 geminis,
1174 693 1184 734 a

141 765 219 840 quod
242 766 329 840 pater
350 764 407 822 hoc
429 763 503 822 facit
525 784 584 824 non
606 767 807 823 consentiente
830 766 935 839 matre,
957 764 1078 840 publico
1101 783 1152 840 po·

139 855 199 912 tius
222 853 415 912 mortalitatis
440 853 584 911 contendo
607 853 725 912 nomine
747 873 807 912 non
828 853 933 913 debere
956 872 1050 931 genus
1072 853 1153 912 istud

140 944 304 1002 curationis
324 942 451 1000 admitti.
488 945 643 1017 peractum
662 945 706 1001 est
724 943 807 1001 velut
830 942 867 1002 de
889 962 995 1020 genere
1014 942 1152 1017 humano,

141 1034 167 1090 si
189 1030 273 1091 nobis
296 1049 350 1106 pro
373 1032 469 1089 salute
489 1032 570 1107 aegri
591 1049 665 1106 opus
690 1033 735 1090 est
756 1034 851 1090 morte
873 1032 1002 1090 hominis
1022 1032 1152 1106 alterius,

142 1123 171 1180 et
198 1125 290 1196 paene
318 1120 396 1178 ratio
425 1120 563 1179 sanitatis
590 1120 754 1194 intercidit,
783 1120 809 1179 si
831 1122 980 1180 consumit
1006 1121 1186 1179 medicinam

140 1209 324 1267 tantundem,
363 1228 418 1286 ego
442 1227 621 1284 quemquam
639 1209 785 1268 dicentem
803 1210 909 1268 feram:
933 1204 980 1268 ‘nt
1001 1210 1152 1269 inveniam

141 1297 322 1357 valetudinis
351 1316 468 1372 causas,
496 1298 565 1357 date
592 1299 667 1356 mihi
694 1317 800 1373 corpus
828 1298 922 1374 aliud,
951 1299 1012 1357 alie
1038 1299 1152 1373 vitalia

142 1387 281 1446 occidam.
318 1387 423 1445 deinde
446 1388 590 1446 salutaria
614 1406 763 1462 quaeram,
786 1387 944 1462 profutura
966 1383 1151 1447 meditabor?

141 1479 186 1534 ita
208 1495 268 1534 non
290 1476 408 1535 facilius
433 1479 478 1534 est
499 1494 585 1535 nosse
608 1474 804 1554 languorem?
848 1496 923 1552 quae
946 1477 1020 1536 haec
1042 1479 1088 1536 est
1109 1478 1153 1535 in-

142 1563 285 1641 pudentia
309 1565 528 1624 crudelissimae
546 1563 695 1624 vilitatis?
731 1584 853 1643 aegrum
875 1567 991 1641 placuit
1014 1566 1153 1639 occidere,
1165 1582 1187 1625 n

143 1656 177 1712 ut
199 1655 391 1728 inveniretur,
415 1674 467 1713 cur
489 1674 548 1713 non
572 1654 722 1714 debuisset
744 1655 845 1713 occidi.
882 1655 1008 1730 nullum,
1031 1655 1153 1715 sanctis·

143 1744 211 1802 simi
233 1743 357 1818 iudices,
385 1746 493 1802 natura
515 1745 685 1803 morborum
710 1762 802 1820 genus
825 1743 896 1802 solis
918 1743 1083 1804 visceribus
1105 1745 1155 1803 ab

143 1831 267 1906 scondit,
291 1836 321 1890 et
344 1833 485 1908 quicquid
508 1851 612 1892 causas
629 1832 810 1892 valetudinis
833 1833 869 1891 de
887 1833 1031 1893 vitalibus
1053 1833 1155 1908 trabit,

143 1923 175 1979 in
199 1940 303 1997 corpus
327 1924 455 1980 emanat.
500 1922 569 1980 inde
592 1922 698 1996 pallor,
724 1922 792 1979 inde
813 1924 923 1981 macies
947 1922 1028 1997 quod
1051 1922 1089 1981 ad
1112 1924 1155 1981 in·

143 2011 282 2070 teriorem
301 2011 432 2070 dolorem
451 2011 637 2086 superposita
656 2012 852 2070 consentiunt.
888 2029 948 2070 non
965 2011 1087 2071 invenio
1104 2029 1189 2070 curro

143 2100 293 2158 hominem
306 2101 478 2158 vulneribus
493 2101 640 2174 exquiras,
659 2118 711 2157 cur
727 2100 858 2158 remedia
877 2117 993 2176 quoqne
1012 2100 1155 2159 vitalibus

139 2198 196 2265 'per
228 2207 333 2263 corpus
364 2188 500 2247 inmittas
531 2191 561 2247 et
591 2190 624 2247 in
656 2190 783 2247 latentes
815 2191 929 2248 meatus
959 2183 1056 2269 (per)
1084 2189 1156 2249 baec

144 2277 250 2353 quibus
273 2278 411 2355 tegimur,
434 2278 580 2336 medicina
603 2277 769 2337 descendat.
806 2295 859 2336 cur
881 2296 952 2355 ergo
974 2297 1036 2338 non
1055 2279 1156 2338 eadem

143 2368 259 2425 ratione
277 2368 404 2444 languor
423 2367 557 2426 admittit
575 2367 759 2426 intellectum
774 2385 833 2441 qua
852 2365 1034 2426 sanitatem?
1055 2367 1156 2445 prodit

145 2455 262 2514 abditos
285 2455 505 2532 profundosque
528 2455 645 2514 morbos
669 2457 722 2514 aut
744 2455 864 2514 citatior
886 2456 981 2515 clausi
1003 2459 1189 2534 sanguinius

145 2563 246 2603 cursus
271 2548 323 2603 aut
345 2546 473 2603 crebrior
496 2545 644 2604 anhelitus
666 2545 830 2603 laborantis
855 2546 978 2603 animae.
1017 2546 1105 2606 erede
1123 2545 1156 2605 de

144 2635 190 2692 his
215 2636 283 2692 ante
304 2635 408 2692 omnia
431 2633 577 2707 sensibus,
606 2634 698 2692 oculis
721 2634 795 2708 tuis,
818 2635 848 2693 et
870 2635 964 2709 ipsos,
989 2634 1028 2693 do
1051 2635 1157 2710 quibus

146 2725 255 2800 agitur,
278 2722 365 2782 modo
385 2723 527 2800 singulos,
550 2721 637 2781 modo
660 2725 774 2798 pariter
795 2722 947 2799 interroga
965 2725 1015 2782 cui
1038 2725 1158 2800 potissi·

216 2865 233 2911 4
251 2873 296 2909 mc
316 2857 403 2926 med,
468 2856 595 2911 efacere
615 2866 647 2922 Ρ,
665 2873 733 2911 corr.
746 2878 768 2918 ρ
831 2861 847 2910 8
865 2857 1025 2925 peractum:
1046 2860 1160 2927 pactum

146 2938 184 2996 1³3
203 2928 348 2982 factums
401 2929 524 2982 humano
539 2928 563 2981 si
579 2927 672 2981 nobis:
692 2944 735 2982 -oe
749 2927 779 2980 in
793 2929 892 2982 iuras.
907 2937 935 2981 Β
988 2928 1159 2985 thominie:

147 3017 215 3069 opus
234 3009 259 3053 J
338 3004 370 3052 10
389 2999 535 3053 interdicit
551 3008 586 3066 Β,
607 3009 708 3054 corre
790 3005 823 3052 12
842 2997 1006 3053 valitudinis
1025 3009 1092 3066 m

147 3071 225 3123 aliud
244 3088 343 3140 corpus
363 3080 395 3123 Μ
464 3077 497 3123 15
515 3070 649 3124 utilitatis
668 3080 706 3122 ss
781 3075 813 3124 16
838 3087 898 3124 cur:
918 3087 982 3124 cnm
1000 3085 1016 3136 β
1035 3074 1115 3142 (corr.
1130 3075 1160 3141 ρ)

148 3147 179 3195 17
200 3142 266 3197 solis
285 3160 319 3196 esc
337 3142 411 3195 solus
431 3147 507 3212 (rae.)
521 3150 549 3194 Β
628 3146 661 3194 18
679 3141 845 3195 valitudinis
868 3150 901 3206 Vc
980 3142 1052 3197 trait
1073 3152 1096 3195 7

147 3273 180 3320 19
200 3232 341 3321 ider-iorem
360 3276 381 3318 ν
431 3273 464 3320 22
483 3282 534 3335 per
551 3265 615 3320 add.
631 3278 659 3334 ες
679 3283 729 3320 om.
745 3288 767 3318 ω
823 3271 856 3319 23
875 3247 984 3336 ergo,
1037 3272 1073 3320 24
1091 3281 1160 3336 qua:

147 3339 411 3407 quamverum
501 3343 535 3390 25
555 3339 604 3391 aut
623 3337 747 3391 citatior:
768 3339 818 3390 aut
835 3352 885 3392 om.
905 3347 927 3390 V
1012 3337 1118 3392 clausis
1135 3347 1164 3391 Β

147 3415 181 3462 26
201 3410 335 3464 crebrior:
355 3409 417 3462 brio
435 3411 467 3463 io
484 3426 538 3462 ras.
553 3418 581 3462 Β
632 3408 809 3473 hanelituss
861 3408 1018 3463 laborantis
1038 3408 1163 3464 ostendit

144 3535 257 3589 animae
276 3544 319 3603 1115
337 3533 355 3588 l.
377 3551 401 3588 a.
421 3534 531 3588 indicat
549 3545 565 3587 s
637 3538 670 3587 28
690 3496 808 3603 singulis
828 3543 855 3586 ι’
