<?xml version="1.0" encoding="UTF-8"?>
<!DOCTYPE html PUBLIC "-//W3C//DTD XHTML 1.0 Transitional//EN"
    "http://www.w3.org/TR/xhtml1/DTD/xhtml1-transitional.dtd">
<html xmlns="http://www.w3.org/1999/xhtml" xml:lang="en" lang="en">
 <head>
  <title>
</title>
<meta http-equiv="Content-Type" content="text/html;charset=utf-8" />
  <meta name='ocr-system' content='tesseract 3.04.00' />
  <meta name='ocr-capabilities' content='ocr_page ocr_carea ocr_par ocr_line ocrx_word'/>
</head>
<body>
  <div class='ocr_page' id='page_1' title='image "./qvintilianiqvae01quingoog_0302.png"; bbox 0 0 2408 3840; ppageno 0'>
   <div class='ocr_carea' id='block_1_1' title="bbox 382 153 1091 222">
    <p class='ocr_par' dir='ltr' id='par_1_1' title="bbox 382 153 1091 222">
     <span class='ocr_line' id='line_1_1' title="bbox 382 153 1091 222; baseline 0.016 -10"><span class='ocrx_word' id='word_1_1' title='bbox 382 156 790 213; x_wconf 79' lang='lat' dir='ltr'><strong>oumsnnuoxrv1-e.</strong></span> <span class='ocrx_word' id='word_1_2' title='bbox 1017 153 1091 222; x_wconf 71' lang='grc'><strong>267</strong></span> 
     </span>
    </p>
   </div>
   <div class='ocr_carea' id='block_1_2' title="bbox 55 326 1169 2360">
    <p class='ocr_par' dir='ltr' id='par_1_2' title="bbox 55 326 1169 2360">
     <span class='ocr_line' id='line_1_2' title="bbox 145 326 1092 405; baseline 0.001 -19"><span class='ocrx_word' id='word_1_3' title='bbox 145 327 216 386; x_wconf 89' lang='lat' dir='ltr'><strong>Non</strong></span> <span class='ocrx_word' id='word_1_4' title='bbox 239 326 359 403; x_wconf 82' lang='lat' dir='ltr'><strong>quidem</strong></span> <span class='ocrx_word' id='word_1_5' title='bbox 379 346 444 405; x_wconf 86' lang='lat' dir='ltr'><strong>ego,</strong></span> <span class='ocrx_word' id='word_1_6' title='bbox 467 327 589 400; x_wconf 84' lang='lat' dir='ltr'><strong>iudices,</strong></span> <span class='ocrx_word' id='word_1_7' title='bbox 613 327 730 386; x_wconf 88' lang='lat' dir='ltr'><strong>axillis</strong></span> <span class='ocrx_word' id='word_1_8' title='bbox 752 345 895 401; x_wconf 90' lang='lat' dir='ltr'><strong>umquam</strong></span> <span class='ocrx_word' id='word_1_9' title='bbox 917 327 963 386; x_wconf 87' lang='lat' dir='ltr'><strong>fui</strong></span> <span class='ocrx_word' id='word_1_10' title='bbox 985 327 1092 403; x_wconf 86' lang='lat' dir='ltr'><strong>quibus</strong></span> 
     </span>
     <span class='ocr_line' id='line_1_3' title="bbox 76 414 1092 492; baseline -0.001 -16"><span class='ocrx_word' id='word_1_11' title='bbox 76 416 193 477; x_wconf 88' lang='lat' dir='ltr'><strong>nobiles</strong></span> <span class='ocrx_word' id='word_1_12' title='bbox 222 435 291 492; x_wconf 91' lang='lat' dir='ltr'><strong>opes</strong></span> <span class='ocrx_word' id='word_1_13' title='bbox 323 416 465 476; x_wconf 85' lang='lat' dir='ltr'><strong>afluentes</strong></span> <span class='ocrx_word' id='word_1_14' title='bbox 496 415 622 475; x_wconf 79' lang='lat' dir='ltr'>indulsit</span> <span class='ocrx_word' id='word_1_15' title='bbox 652 416 773 474; x_wconf 87' lang='lat' dir='ltr'><strong>fortuna</strong></span> <span class='ocrx_word' id='word_1_16' title='bbox 800 415 935 490; x_wconf 85' lang='lat' dir='ltr'><strong>divitias,</strong></span> <span class='ocrx_word' id='word_1_17' title='bbox 967 414 1092 491; x_wconf 86' lang='lat' dir='ltr'><strong>quorum</strong></span> 
     </span>
     <span class='ocr_line' id='line_1_4' title="bbox 76 504 1093 581; baseline 0 -17"><span class='ocrx_word' id='word_1_18' title='bbox 76 507 206 565; x_wconf 75' lang='lat' dir='ltr'><strong>felicitas</strong></span> <span class='ocrx_word' id='word_1_19' title='bbox 231 524 336 580; x_wconf 87' lang='lat' dir='ltr'><strong>capere</strong></span> <span class='ocrx_word' id='word_1_20' title='bbox 362 505 458 581; x_wconf 80' lang='lat' dir='ltr'><strong>possit</strong></span> <span class='ocrx_word' id='word_1_21' title='bbox 484 506 516 563; x_wconf 86' lang='lat' dir='ltr'><strong>in</strong></span> <span class='ocrx_word' id='word_1_22' title='bbox 543 524 643 564; x_wconf 87' lang='lat' dir='ltr'><strong>amore</strong></span> <span class='ocrx_word' id='word_1_23' title='bbox 670 504 827 563; x_wconf 83' lang='lat' dir='ltr'><strong>luxuriam.</strong></span> <span class='ocrx_word' id='word_1_24' title='bbox 872 505 965 564; x_wconf 90' lang='lat' dir='ltr'><strong>habui</strong></span> <span class='ocrx_word' id='word_1_25' title='bbox 991 508 1093 565; x_wconf 89' lang='lat' dir='ltr'><strong>tamen</strong></span> 
     </span>
     <span class='ocr_line' id='line_1_5' title="bbox 76 593 1105 670; baseline -0.001 -16"><span class='ocrx_word' id='word_1_26' title='bbox 76 595 155 654; x_wconf 88' lang='lat' dir='ltr'><strong>unde</strong></span> <span class='ocrx_word' id='word_1_27' title='bbox 184 593 223 652; x_wconf 78' lang='lat' dir='ltr'><strong>ml</strong></span> <span class='ocrx_word' id='word_1_28' title='bbox 245 596 325 653; x_wconf 79' lang='lat' dir='ltr'><strong>vitae</strong></span> <span class='ocrx_word' id='word_1_29' title='bbox 352 594 542 653; x_wconf 68' lang='lat' dir='ltr'><strong>necessitates</strong></span> <span class='ocrx_word' id='word_1_30' title='bbox 570 612 707 653; x_wconf 86' lang='lat' dir='ltr'><strong>concessa</strong></span> <span class='ocrx_word' id='word_1_31' title='bbox 732 593 841 670; x_wconf 86' lang='lat' dir='ltr'><strong>gaudie</strong></span> <span class='ocrx_word' id='word_1_32' title='bbox 868 612 959 670; x_wconf 90' lang='lat' dir='ltr'><strong>parca</strong></span> <span class='ocrx_word' id='word_1_33' title='bbox 981 594 1105 654; x_wconf 87' lang='lat' dir='ltr'><strong>medio--</strong></span> 
     </span>
     <span class='ocr_line' id='line_1_6' title="bbox 55 683 1128 758; baseline -0.006 -15"><span class='ocrx_word' id='word_1_34' title='bbox 55 686 186 744; x_wconf 74' lang='lat' dir='ltr'><strong>acritate</strong></span> <span class='ocrx_word' id='word_1_35' title='bbox 218 683 393 742; x_wconf 88' lang='lat' dir='ltr'><strong>sufficerent.</strong></span> <span class='ocrx_word' id='word_1_36' title='bbox 447 683 573 758; x_wconf 88' lang='lat' dir='ltr'><strong>ideoque</strong></span> <span class='ocrx_word' id='word_1_37' title='bbox 604 685 758 741; x_wconf 79' lang='lat' dir='ltr'><strong>meretrice</strong></span> <span class='ocrx_word' id='word_1_38' title='bbox 789 684 920 756; x_wconf 86' lang='lat' dir='ltr'><strong>tantum,</strong></span> <span class='ocrx_word' id='word_1_39' title='bbox 952 684 983 741; x_wconf 87' lang='lat' dir='ltr'><strong>et</strong></span> <span class='ocrx_word' id='word_1_40' title='bbox 1015 683 1128 758; x_wconf 72' lang='lat' dir='ltr'><strong>quaet</strong></span> 
     </span>
     <span class='ocr_line' id='line_1_7' title="bbox 77 772 1092 848; baseline -0.003 -16"><span class='ocrx_word' id='word_1_41' title='bbox 77 773 245 832; x_wconf 86' lang='lat' dir='ltr'><strong>certissima</strong></span> <span class='ocrx_word' id='word_1_42' title='bbox 277 774 322 830; x_wconf 89' lang='lat' dir='ltr'><strong>est</strong></span> <span class='ocrx_word' id='word_1_43' title='bbox 352 773 384 829; x_wconf 90' lang='lat' dir='ltr'><strong>in</strong></span> <span class='ocrx_word' id='word_1_44' title='bbox 415 772 571 846; x_wconf 80' lang='lat' dir='ltr'><strong>voluptate</strong></span> <span class='ocrx_word' id='word_1_45' title='bbox 602 772 774 848; x_wconf 83' lang='lat' dir='ltr'><strong>frugalitas,</strong></span> <span class='ocrx_word' id='word_1_46' title='bbox 811 791 870 829; x_wconf 88' lang='lat' dir='ltr'><strong>una</strong></span> <span class='ocrx_word' id='word_1_47' title='bbox 901 772 947 829; x_wconf 79' lang='lat' dir='ltr'><strong>sui</strong></span> <span class='ocrx_word' id='word_1_48' title='bbox 978 788 1092 847; x_wconf 85' lang='lat' dir='ltr'><strong>semper</strong></span> 
     </span>
     <span class='ocr_line' id='line_1_8' title="bbox 77 862 1092 938; baseline 0 -18"><span class='ocrx_word' id='word_1_49' title='bbox 77 862 241 936; x_wconf 88' lang='lat' dir='ltr'><strong>eademque</strong></span> <span class='ocrx_word' id='word_1_50' title='bbox 274 864 435 920; x_wconf 87' lang='lat' dir='ltr'><strong>contentus.</strong></span> <span class='ocrx_word' id='word_1_51' title='bbox 482 863 515 919; x_wconf 91' lang='lat' dir='ltr'><strong>at</strong></span> <span class='ocrx_word' id='word_1_52' title='bbox 545 862 605 918; x_wconf 87' lang='lat' dir='ltr'><strong>ista</strong></span> <span class='ocrx_word' id='word_1_53' title='bbox 637 862 727 933; x_wconf 87' lang='lat' dir='ltr'><strong>seria,</strong></span> <span class='ocrx_word' id='word_1_54' title='bbox 761 863 875 938; x_wconf 88' lang='lat' dir='ltr'><strong>gravis,</strong></span> <span class='ocrx_word' id='word_1_55' title='bbox 907 880 983 936; x_wconf 90' lang='lat' dir='ltr'><strong>quae</strong></span> <span class='ocrx_word' id='word_1_56' title='bbox 1014 880 1092 920; x_wconf 87' lang='lat' dir='ltr'><strong>nunc</strong></span> 
     </span>
     <span class='ocr_line' id='line_1_9' title="bbox 78 948 1093 1026; baseline -0.002 -17"><span class='ocrx_word' id='word_1_57' title='bbox 78 951 176 1009; x_wconf 90' lang='lat' dir='ltr'><strong>amari</strong></span> <span class='ocrx_word' id='word_1_58' title='bbox 197 951 323 1024; x_wconf 83' lang='lat' dir='ltr'><strong>recusat,</strong></span> <span class='ocrx_word' id='word_1_59' title='bbox 346 968 364 1009; x_wconf 95' lang='lat' dir='ltr'><strong>o</strong></span> <span class='ocrx_word' id='word_1_60' title='bbox 387 969 477 1026; x_wconf 86' lang='lat' dir='ltr'><strong>quam</strong></span> <span class='ocrx_word' id='word_1_61' title='bbox 499 948 597 1008; x_wconf 80' lang='lat' dir='ltr'><strong>voluit</strong></span> <span class='ocrx_word' id='word_1_62' title='bbox 620 949 727 1007; x_wconf 79' lang='lat' dir='ltr'><strong>amerit</strong></span> <span class='ocrx_word' id='word_1_63' title='bbox 752 950 858 1025; x_wconf 88' lang='lat' dir='ltr'><strong>quibus</strong></span> <span class='ocrx_word' id='word_1_64' title='bbox 882 950 1009 1024; x_wconf 84' lang='lat' dir='ltr'><strong>artibus,</strong></span> <span class='ocrx_word' id='word_1_65' title='bbox 1033 968 1093 1025; x_wconf 89' lang='lat' dir='ltr'><strong>qua</strong></span> 
     </span>
     <span class='ocr_line' id='line_1_10' title="bbox 78 1037 1091 1114; baseline -0.003 -15"><span class='ocrx_word' id='word_1_66' title='bbox 78 1039 246 1099; x_wconf 83' lang='lat' dir='ltr'><strong>calliditate</strong></span> <span class='ocrx_word' id='word_1_67' title='bbox 260 1039 399 1098; x_wconf 90' lang='lat' dir='ltr'><strong>miseram</strong></span> <span class='ocrx_word' id='word_1_68' title='bbox 413 1039 636 1114; x_wconf 87' lang='lat' dir='ltr'><strong>simplicitatem</strong></span> <span class='ocrx_word' id='word_1_69' title='bbox 650 1057 746 1096; x_wconf 90' lang='lat' dir='ltr'><strong>meam</strong></span> <span class='ocrx_word' id='word_1_70' title='bbox 760 1037 935 1097; x_wconf 89' lang='lat' dir='ltr'><strong>sollicitavit</strong></span> <span class='ocrx_word' id='word_1_71' title='bbox 954 1039 1091 1114; x_wconf 90' lang='lat' dir='ltr'><strong>primum,</strong></span> 
     </span>
     <span class='ocr_line' id='line_1_11' title="bbox 55 1125 1091 1204; baseline -0.001 -16"><span class='ocrx_word' id='word_1_72' title='bbox 55 1127 185 1188; x_wconf 87' lang='lat' dir='ltr'><strong>odeinde</strong></span> <span class='ocrx_word' id='word_1_73' title='bbox 198 1129 305 1201; x_wconf 77' lang='lat' dir='ltr'><strong>tenuit,</strong></span> <span class='ocrx_word' id='word_1_74' title='bbox 319 1127 412 1187; x_wconf 87' lang='lat' dir='ltr'><strong>donec</strong></span> <span class='ocrx_word' id='word_1_75' title='bbox 426 1125 719 1204; x_wconf 85' lang='lat' dir='ltr'><strong>quantulamcunque</strong></span> <span class='ocrx_word' id='word_1_76' title='bbox 737 1126 936 1186; x_wconf 86' lang='lat' dir='ltr'><strong>substantiam</strong></span> <span class='ocrx_word' id='word_1_77' title='bbox 953 1128 986 1185; x_wconf 93' lang='lat' dir='ltr'><strong>in</strong></span> <span class='ocrx_word' id='word_1_78' title='bbox 1004 1128 1091 1187; x_wconf 89' lang='lat' dir='ltr'><strong>huius</strong></span> 
     </span>
     <span class='ocr_line' id='line_1_12' title="bbox 77 1214 1092 1294; baseline -0.002 -18"><span class='ocrx_word' id='word_1_79' title='bbox 77 1218 161 1277; x_wconf 90' lang='lat' dir='ltr'><strong>sinus</strong></span> <span class='ocrx_word' id='word_1_80' title='bbox 180 1217 324 1290; x_wconf 90' lang='lat' dir='ltr'><strong>credulus,</strong></span> <span class='ocrx_word' id='word_1_81' title='bbox 342 1218 540 1292; x_wconf 87' lang='lat' dir='ltr'><strong>iamiamque</strong></span> <span class='ocrx_word' id='word_1_82' title='bbox 559 1235 677 1276; x_wconf 87' lang='lat' dir='ltr'><strong>securus</strong></span> <span class='ocrx_word' id='word_1_83' title='bbox 696 1219 814 1274; x_wconf 84' lang='lat' dir='ltr'><strong>amator</strong></span> <span class='ocrx_word' id='word_1_84' title='bbox 832 1214 1001 1294; x_wconf 78' lang='lat' dir='ltr'><strong>egererem?</strong></span> <span class='ocrx_word' id='word_1_85' title='bbox 1030 1217 1092 1274; x_wconf 91' lang='lat' dir='ltr'><strong>iam</strong></span> 
     </span>
     <span class='ocr_line' id='line_1_13' title="bbox 77 1305 1091 1381; baseline -0.002 -15"><span class='ocrx_word' id='word_1_86' title='bbox 77 1308 192 1366; x_wconf 86' lang='lat' dir='ltr'><strong>frustra</strong></span> <span class='ocrx_word' id='word_1_87' title='bbox 215 1307 349 1381; x_wconf 86' lang='lat' dir='ltr'><strong>captavit</strong></span> <span class='ocrx_word' id='word_1_88' title='bbox 370 1306 467 1365; x_wconf 84' lang='lat' dir='ltr'><strong>videri</strong></span> <span class='ocrx_word' id='word_1_89' title='bbox 489 1307 625 1366; x_wconf 86' lang='lat' dir='ltr'><strong>miserari</strong></span> <span class='ocrx_word' id='word_1_90' title='bbox 645 1305 856 1380; x_wconf 88' lang='lat' dir='ltr'><strong>condicionem,</strong></span> <span class='ocrx_word' id='word_1_91' title='bbox 878 1308 1020 1380; x_wconf 87' lang='lat' dir='ltr'><strong>inquam</strong></span> <span class='ocrx_word' id='word_1_92' title='bbox 1038 1323 1091 1365; x_wconf 92' lang='lat' dir='ltr'><strong>nos</strong></span> 
     </span>
     <span class='ocr_line' id='line_1_14' title="bbox 75 1394 1091 1470; baseline -0.001 -17"><span class='ocrx_word' id='word_1_93' title='bbox 75 1395 144 1470; x_wconf 88' lang='lat' dir='ltr'><strong>ipsa</strong></span> <span class='ocrx_word' id='word_1_94' title='bbox 168 1394 306 1453; x_wconf 83' lang='lat' dir='ltr'><strong>detraxit</strong></span> <span class='ocrx_word' id='word_1_95' title='bbox 342 1395 472 1454; x_wconf 87' lang='lat' dir='ltr'><strong>breviter</strong></span> <span class='ocrx_word' id='word_1_96' title='bbox 494 1397 592 1454; x_wconf 89' lang='lat' dir='ltr'><strong>totum</strong></span> <span class='ocrx_word' id='word_1_97' title='bbox 615 1395 841 1453; x_wconf 85' lang='lat' dir='ltr'><strong>nocentissimae</strong></span> <span class='ocrx_word' id='word_1_98' title='bbox 863 1395 997 1454; x_wconf 89' lang='lat' dir='ltr'><strong>mulieris</strong></span> <span class='ocrx_word' id='word_1_99' title='bbox 1016 1396 1091 1453; x_wconf 86' lang='lat' dir='ltr'><strong>acci·</strong></span> 
     </span>
     <span class='ocr_line' id='line_1_15' title="bbox 76 1483 1090 1560; baseline 0 -18"><span class='ocrx_word' id='word_1_100' title='bbox 76 1486 141 1559; x_wconf 87' lang='lat' dir='ltr'><strong>pite</strong></span> <span class='ocrx_word' id='word_1_101' title='bbox 164 1485 293 1542; x_wconf 81' lang='lat' dir='ltr'><strong>facinus:</strong></span> <span class='ocrx_word' id='word_1_102' title='bbox 317 1502 477 1560; x_wconf 89' lang='lat' dir='ltr'><strong>pauperem</strong></span> <span class='ocrx_word' id='word_1_103' title='bbox 499 1503 547 1542; x_wconf 91' lang='lat' dir='ltr'><strong>me</strong></span> <span class='ocrx_word' id='word_1_104' title='bbox 570 1484 649 1556; x_wconf 88' lang='lat' dir='ltr'><strong>fecit,</strong></span> <span class='ocrx_word' id='word_1_105' title='bbox 673 1483 778 1541; x_wconf 86' lang='lat' dir='ltr'><strong>deinde</strong></span> <span class='ocrx_word' id='word_1_106' title='bbox 801 1484 877 1542; x_wconf 86' lang='lat' dir='ltr'><strong>ferre</strong></span> <span class='ocrx_word' id='word_1_107' title='bbox 900 1502 961 1542; x_wconf 91' lang='lat' dir='ltr'><strong>non</strong></span> <span class='ocrx_word' id='word_1_108' title='bbox 982 1485 1090 1559; x_wconf 89' lang='lat' dir='ltr'><strong>potuit.</strong></span> 
     </span>
     <span class='ocr_line' id='line_1_16' title="bbox 55 1571 1091 1648; baseline 0 -16"><span class='ocrx_word' id='word_1_109' title='bbox 55 1576 141 1633; x_wconf 82' lang='lat' dir='ltr'><strong>ssive</strong></span> <span class='ocrx_word' id='word_1_110' title='bbox 161 1574 249 1646; x_wconf 89' lang='lat' dir='ltr'><strong>enim,</strong></span> <span class='ocrx_word' id='word_1_111' title='bbox 271 1572 392 1646; x_wconf 87' lang='lat' dir='ltr'><strong>iudices,</strong></span> <span class='ocrx_word' id='word_1_112' title='bbox 414 1592 468 1648; x_wconf 89' lang='lat' dir='ltr'><strong>pro</strong></span> <span class='ocrx_word' id='word_1_113' title='bbox 488 1572 691 1631; x_wconf 88' lang='lat' dir='ltr'><strong>communibus</strong></span> <span class='ocrx_word' id='word_1_114' title='bbox 711 1590 786 1647; x_wconf 87' lang='lat' dir='ltr'><strong>quae</strong></span> <span class='ocrx_word' id='word_1_115' title='bbox 806 1571 845 1629; x_wconf 90' lang='lat' dir='ltr'><strong>ad</strong></span> <span class='ocrx_word' id='word_1_116' title='bbox 863 1571 1091 1647; x_wconf 88' lang='lat' dir='ltr'><strong>corrumpendas</strong></span> 
     </span>
     <span class='ocr_line' id='line_1_17' title="bbox 75 1660 1090 1738; baseline 0 -17"><span class='ocrx_word' id='word_1_117' title='bbox 75 1660 349 1738; x_wconf 85' lang='lat' dir='ltr'><strong>expugnandasque</strong></span> <span class='ocrx_word' id='word_1_118' title='bbox 384 1664 497 1720; x_wconf 88' lang='lat' dir='ltr'><strong>mentes</strong></span> <span class='ocrx_word' id='word_1_119' title='bbox 535 1661 705 1738; x_wconf 83' lang='lat' dir='ltr'><strong>excogitant</strong></span> <span class='ocrx_word' id='word_1_120' title='bbox 735 1663 857 1738; x_wconf 84' lang='lat' dir='ltr'><strong>ingenia</strong></span> <span class='ocrx_word' id='word_1_121' title='bbox 893 1663 1090 1735; x_wconf 81' lang='lat' dir='ltr'><strong>meretricum,</strong></span> 
     </span>
     <span class='ocr_line' id='line_1_18' title="bbox 75 1750 1090 1828; baseline 0 -20"><span class='ocrx_word' id='word_1_122' title='bbox 75 1750 193 1828; x_wconf 86' lang='lat' dir='ltr'><strong>placuit</strong></span> <span class='ocrx_word' id='word_1_123' title='bbox 216 1751 461 1826; x_wconf 86' lang='lat' dir='ltr'><strong>experimentum,</strong></span> <span class='ocrx_word' id='word_1_124' title='bbox 484 1751 567 1809; x_wconf 89' lang='lat' dir='ltr'><strong>etin</strong></span> <span class='ocrx_word' id='word_1_125' title='bbox 590 1770 637 1809; x_wconf 92' lang='lat' dir='ltr'><strong>me</strong></span> <span class='ocrx_word' id='word_1_126' title='bbox 660 1752 840 1826; x_wconf 87' lang='lat' dir='ltr'><strong>temptatum</strong></span> <span class='ocrx_word' id='word_1_127' title='bbox 864 1753 921 1824; x_wconf 87' lang='lat' dir='ltr'><strong>est,</strong></span> <span class='ocrx_word' id='word_1_128' title='bbox 945 1753 1090 1825; x_wconf 89' lang='lat' dir='ltr'><strong>quantum</strong></span> 
     </span>
     <span class='ocr_line' id='line_1_19' title="bbox 76 1838 1169 1916; baseline -0.001 -18"><span class='ocrx_word' id='word_1_129' title='bbox 76 1839 145 1916; x_wconf 84' lang='lat' dir='ltr'><strong>quia</strong></span> <span class='ocrx_word' id='word_1_130' title='bbox 169 1857 278 1913; x_wconf 86' lang='lat' dir='ltr'><strong>amare,</strong></span> <span class='ocrx_word' id='word_1_131' title='bbox 302 1842 447 1915; x_wconf 89' lang='lat' dir='ltr'><strong>quantum</strong></span> <span class='ocrx_word' id='word_1_132' title='bbox 466 1840 532 1914; x_wconf 92' lang='lat' dir='ltr'><strong>quis</strong></span> <span class='ocrx_word' id='word_1_133' title='bbox 555 1841 655 1915; x_wconf 86' lang='lat' dir='ltr'><strong>posset</strong></span> <span class='ocrx_word' id='word_1_134' title='bbox 673 1839 777 1914; x_wconf 83' lang='lat' dir='ltr'><strong>odisse,</strong></span> <span class='ocrx_word' id='word_1_135' title='bbox 801 1857 852 1899; x_wconf 87' lang='lat' dir='ltr'><strong>seu</strong></span> <span class='ocrx_word' id='word_1_136' title='bbox 871 1838 978 1898; x_wconf 89' lang='lat' dir='ltr'><strong>mulier</strong></span> <span class='ocrx_word' id='word_1_137' title='bbox 996 1841 1089 1898; x_wconf 91' lang='lat' dir='ltr'><strong>omni·</strong></span> <span class='ocrx_word' id='word_1_138' title='bbox 1167 1846 1169 1850; x_wconf 86' lang='lat'>&#39;</span> 
     </span>
     <span class='ocr_line' id='line_1_20' title="bbox 74 1928 1090 2004; baseline 0 -17"><span class='ocrx_word' id='word_1_139' title='bbox 74 1929 131 1988; x_wconf 84' lang='lat' dir='ltr'><strong>bus</strong></span> <span class='ocrx_word' id='word_1_140' title='bbox 156 1930 290 2003; x_wconf 85' lang='lat' dir='ltr'><strong>exposita</strong></span> <span class='ocrx_word' id='word_1_141' title='bbox 316 1928 493 1987; x_wconf 84' lang='lat' dir='ltr'><strong>mortalibus</strong></span> <span class='ocrx_word' id='word_1_142' title='bbox 516 1930 682 1988; x_wconf 85' lang='lat' dir='ltr'><strong>vanitatem</strong></span> <span class='ocrx_word' id='word_1_143' title='bbox 709 1928 830 1988; x_wconf 85' lang='lat' dir='ltr'><strong>fastidio</strong></span> <span class='ocrx_word' id='word_1_144' title='bbox 856 1930 915 1986; x_wconf 89' lang='lat' dir='ltr'><strong>mei</strong></span> <span class='ocrx_word' id='word_1_145' title='bbox 938 1928 1090 2004; x_wconf 88' lang='lat' dir='ltr'><strong>despectu-</strong></span> 
     </span>
     <span class='ocr_line' id='line_1_21' title="bbox 55 2016 1090 2094; baseline -0.001 -17"><span class='ocrx_word' id='word_1_146' title='bbox 55 2037 135 2094; x_wconf 67' lang='lat' dir='ltr'><strong>»que</strong></span> <span class='ocrx_word' id='word_1_147' title='bbox 160 2019 307 2092; x_wconf 82' lang='lat' dir='ltr'><strong>captavit,</strong></span> <span class='ocrx_word' id='word_1_148' title='bbox 331 2019 358 2076; x_wconf 89' lang='lat' dir='ltr'><strong>ei</strong></span> <span class='ocrx_word' id='word_1_149' title='bbox 381 2018 462 2076; x_wconf 80' lang='lat' dir='ltr'><strong>fama</strong></span> <span class='ocrx_word' id='word_1_150' title='bbox 484 2017 553 2076; x_wconf 89' lang='lat' dir='ltr'><strong>inde</strong></span> <span class='ocrx_word' id='word_1_151' title='bbox 577 2018 712 2093; x_wconf 86' lang='lat' dir='ltr'><strong>quaesita</strong></span> <span class='ocrx_word' id='word_1_152' title='bbox 735 2019 791 2092; x_wconf 91' lang='lat' dir='ltr'><strong>est,</strong></span> <span class='ocrx_word' id='word_1_153' title='bbox 817 2020 852 2075; x_wconf 89' lang='lat' dir='ltr'><strong>ut</strong></span> <span class='ocrx_word' id='word_1_154' title='bbox 875 2035 893 2075; x_wconf 90' lang='lat' dir='ltr'><strong>a</strong></span> <span class='ocrx_word' id='word_1_155' title='bbox 915 2017 986 2076; x_wconf 87' lang='lat' dir='ltr'><strong>solis</strong></span> <span class='ocrx_word' id='word_1_156' title='bbox 1009 2016 1090 2076; x_wconf 86' lang='lat' dir='ltr'><strong>vide-</strong></span> 
     </span>
     <span class='ocr_line' id='line_1_22' title="bbox 75 2105 1090 2181; baseline -0.003 -14"><span class='ocrx_word' id='word_1_157' title='bbox 75 2110 162 2167; x_wconf 89' lang='lat' dir='ltr'><strong>retur</strong></span> <span class='ocrx_word' id='word_1_158' title='bbox 195 2108 289 2164; x_wconf 87' lang='lat' dir='ltr'><strong>amari</strong></span> <span class='ocrx_word' id='word_1_159' title='bbox 320 2106 425 2166; x_wconf 86' lang='lat' dir='ltr'><strong>debere</strong></span> <span class='ocrx_word' id='word_1_160' title='bbox 457 2105 608 2165; x_wconf 86' lang='lat' dir='ltr'><strong>divitibus.</strong></span> <span class='ocrx_word' id='word_1_161' title='bbox 657 2126 718 2165; x_wconf 90' lang='lat' dir='ltr'><strong>non</strong></span> <span class='ocrx_word' id='word_1_162' title='bbox 751 2108 814 2164; x_wconf 86' lang='lat' dir='ltr'><strong>erat</strong></span> <span class='ocrx_word' id='word_1_163' title='bbox 845 2106 978 2181; x_wconf 87' lang='lat' dir='ltr'><strong>profecto</strong></span> <span class='ocrx_word' id='word_1_164' title='bbox 1011 2106 1090 2181; x_wconf 87' lang='lat' dir='ltr'><strong>quod</strong></span> 
     </span>
     <span class='ocr_line' id='line_1_23' title="bbox 74 2193 1090 2272; baseline -0.003 -18"><span class='ocrx_word' id='word_1_165' title='bbox 74 2196 169 2272; x_wconf 87' lang='lat' dir='ltr'><strong>paulo</strong></span> <span class='ocrx_word' id='word_1_166' title='bbox 202 2198 271 2254; x_wconf 89' lang='lat' dir='ltr'><strong>ante</strong></span> <span class='ocrx_word' id='word_1_167' title='bbox 302 2196 481 2271; x_wconf 85' lang='lat' dir='ltr'><strong>patiebatur,</strong></span> <span class='ocrx_word' id='word_1_168' title='bbox 513 2196 574 2253; x_wconf 86' lang='lat' dir='ltr'><strong>iam</strong></span> <span class='ocrx_word' id='word_1_169' title='bbox 605 2196 677 2253; x_wconf 89' lang='lat' dir='ltr'><strong>tunc</strong></span> <span class='ocrx_word' id='word_1_170' title='bbox 704 2197 803 2254; x_wconf 88' lang='lat' dir='ltr'><strong>noster</strong></span> <span class='ocrx_word' id='word_1_171' title='bbox 833 2194 979 2268; x_wconf 86' lang='lat' dir='ltr'><strong>adfectus,</strong></span> <span class='ocrx_word' id='word_1_172' title='bbox 1011 2193 1090 2270; x_wconf 89' lang='lat' dir='ltr'><strong>quod</strong></span> 
     </span>
     <span class='ocr_line' id='line_1_24' title="bbox 74 2282 1090 2360; baseline -0.003 -16"><span class='ocrx_word' id='word_1_173' title='bbox 74 2287 243 2344; x_wconf 85' lang='lat' dir='ltr'><strong>scortorum</strong></span> <span class='ocrx_word' id='word_1_174' title='bbox 262 2285 374 2343; x_wconf 87' lang='lat' dir='ltr'><strong>foribus</strong></span> <span class='ocrx_word' id='word_1_175' title='bbox 392 2285 558 2358; x_wconf 87' lang='lat' dir='ltr'><strong>haerebam,</strong></span> <span class='ocrx_word' id='word_1_176' title='bbox 579 2283 665 2359; x_wconf 87' lang='lat' dir='ltr'><strong>quod,</strong></span> <span class='ocrx_word' id='word_1_177' title='bbox 685 2285 711 2342; x_wconf 90' lang='lat' dir='ltr'><strong>si</strong></span> <span class='ocrx_word' id='word_1_178' title='bbox 728 2285 794 2343; x_wconf 86' lang='lat' dir='ltr'><strong>istis</strong></span> <span class='ocrx_word' id='word_1_179' title='bbox 812 2282 941 2356; x_wconf 87' lang='lat' dir='ltr'><strong>creditis,</strong></span> <span class='ocrx_word' id='word_1_180' title='bbox 964 2301 1090 2360; x_wconf 90' lang='lat' dir='ltr'><strong>pauper-</strong></span> 
     </span>
    </p>
   </div>
   <div class='ocr_carea' id='block_1_3' title="bbox 76 2559 1094 2771">
    <p class='ocr_par' dir='ltr' id='par_1_3' title="bbox 76 2559 1094 2771">
     <span class='ocr_line' id='line_1_25' title="bbox 151 2559 1091 2629; baseline 0 -15"><span class='ocrx_word' id='word_1_181' title='bbox 151 2567 252 2629; x_wconf 70' lang='lat' dir='ltr'><strong>aapes</strong></span> <span class='ocrx_word' id='word_1_182' title='bbox 271 2570 299 2614; x_wconf 76' lang='lat' dir='ltr'><em>B</em></span> <span class='ocrx_word' id='word_1_183' title='bbox 387 2560 521 2614; x_wconf 86' lang='lat' dir='ltr'><strong>afluentee</strong></span> <span class='ocrx_word' id='word_1_184' title='bbox 540 2569 571 2613; x_wconf 80' lang='lat' dir='ltr'><strong>s:</strong></span> <span class='ocrx_word' id='word_1_185' title='bbox 592 2559 738 2613; x_wconf 85' lang='lat' dir='ltr'><strong>affluentes</strong></span> <span class='ocrx_word' id='word_1_186' title='bbox 757 2560 856 2627; x_wconf 77' lang='lat' dir='ltr'><strong>reliqui</strong></span> <span class='ocrx_word' id='word_1_187' title='bbox 940 2565 1004 2628; x_wconf 83' lang='lat' dir='ltr'><strong>post</strong></span> <span class='ocrx_word' id='word_1_188' title='bbox 1022 2577 1091 2629; x_wconf 89' lang='lat' dir='ltr'><strong>quo·</strong></span> 
     </span>
     <span class='ocr_line' id='line_1_26' title="bbox 76 2630 1094 2687; baseline -0.002 -1"><span class='ocrx_word' id='word_1_189' title='bbox 76 2633 418 2687; x_wconf 64' lang='lat' dir='ltr'><strong>marescalum</strong></span> <span class='ocrx_word' id='word_1_190' title='bbox 434 2641 466 2684; x_wconf 98' lang='grc' dir='ltr'><em>Μ</em></span> <span class='ocrx_word' id='word_1_191' title='bbox 534 2630 736 2685; x_wconf 72' lang='lat' dir='ltr'><strong>tfacilitass</strong></span> <span class='ocrx_word' id='word_1_192' title='bbox 798 2630 900 2683; x_wconf 89' lang='lat' dir='ltr'><strong>habuit</strong></span> <span class='ocrx_word' id='word_1_193' title='bbox 918 2639 951 2684; x_wconf 93' lang='grc' dir='ltr'><em>Μ</em></span> <span class='ocrx_word' id='word_1_194' title='bbox 1009 2633 1052 2684; x_wconf 84' lang='lat' dir='ltr'><strong>tni</strong></span> <span class='ocrx_word' id='word_1_195' title='bbox 1065 2641 1094 2684; x_wconf 78' lang='lat' dir='ltr'><em>P</em></span> 
     </span>
     <span class='ocr_line' id='line_1_27' title="bbox 77 2702 1091 2771; baseline -0.001 -14"><span class='ocrx_word' id='word_1_196' title='bbox 77 2702 271 2757; x_wconf 78' lang='lat' dir='ltr'><strong>osnfficerem</strong></span> <span class='ocrx_word' id='word_1_197' title='bbox 291 2703 339 2758; x_wconf 80' lang='lat' dir='ltr'><strong>Gr</strong></span> <span class='ocrx_word' id='word_1_198' title='bbox 402 2702 532 2757; x_wconf 86' lang='lat' dir='ltr'><strong>mertrice</strong></span> <span class='ocrx_word' id='word_1_199' title='bbox 547 2711 584 2770; x_wconf 93' lang='grc' dir='ltr'><strong>Μ,</strong></span> <span class='ocrx_word' id='word_1_200' title='bbox 603 2719 671 2757; x_wconf 76' lang='grc' dir='ltr'>σοιν.</span> <span class='ocrx_word' id='word_1_201' title='bbox 685 2723 717 2754; x_wconf 82' lang='lat' dir='ltr'><strong>m</strong></span> <span class='ocrx_word' id='word_1_202' title='bbox 785 2704 915 2771; x_wconf 73' lang='lat' dir='ltr'><strong>etq313,</strong></span> <span class='ocrx_word' id='word_1_203' title='bbox 936 2703 965 2756; x_wconf 89' lang='lat' dir='ltr'><strong>te</strong></span> <span class='ocrx_word' id='word_1_204' title='bbox 984 2717 1091 2770; x_wconf 75' lang='lat' dir='ltr'><strong>quaec</strong></span> 
     </span>
    </p>
   </div>
   <div class='ocr_carea' id='block_1_4' title="bbox 76 2773 1134 3611">
    <p class='ocr_par' dir='ltr' id='par_1_4' title="bbox 76 2773 1134 3611">
     <span class='ocr_line' id='line_1_28' title="bbox 77 2773 1091 2897; baseline 0 -17"><span class='ocrx_word' id='word_1_205' title='bbox 77 2827 259 2881; x_wconf 77' lang='lat' dir='ltr'><strong>tvoluntate</strong></span> <span class='ocrx_word' id='word_1_206' title='bbox 276 2836 349 2896; x_wconf 69' lang='lat' dir='ltr'><strong>Boo,</strong></span> <span class='ocrx_word' id='word_1_207' title='bbox 367 2827 411 2894; x_wconf 79' lang='lat' dir='ltr'><strong>fru</strong></span> <span class='ocrx_word' id='word_1_208' title='bbox 378 2773 569 2897; x_wconf 68' lang='lat' dir='ltr'><strong>ulmae!</strong></span> <span class='ocrx_word' id='word_1_209' title='bbox 620 2825 730 2896; x_wconf 82' lang='lat' dir='ltr'><strong>fragilit</strong></span> <span class='ocrx_word' id='word_1_210' title='bbox 732 2835 801 2879; x_wconf 77' lang='lat' dir='ltr'><strong>ass</strong></span> <span class='ocrx_word' id='word_1_211' title='bbox 854 2824 970 2879; x_wconf 84' lang='lat' dir='ltr'><strong>fuissem</strong></span> <span class='ocrx_word' id='word_1_212' title='bbox 987 2843 1038 2895; x_wconf 91' lang='lat' dir='ltr'><strong>per</strong></span> <span class='ocrx_word' id='word_1_213' title='bbox 1056 2839 1091 2891; x_wconf 76' lang='grc' dir='ltr'><strong>αβ</strong></span> 
     </span>
     <span class='ocr_line' id='line_1_29' title="bbox 77 2845 1093 2967; baseline -0.001 -14.996"><span class='ocrx_word' id='word_1_214' title='bbox 77 2905 92 2952; x_wconf 84' lang='grc' dir='ltr'>ἰ·</span> <span class='ocrx_word' id='word_1_215' title='bbox 114 2898 321 2966; x_wconf 75' lang='lat' dir='ltr'><strong>eandemquee</strong></span> <span class='ocrx_word' id='word_1_216' title='bbox 400 2845 582 2967; x_wconf 79' lang='lat' dir='ltr'><strong>c&#39;oiiteniptus</strong></span> <span class='ocrx_word' id='word_1_217' title='bbox 602 2906 647 2962; x_wconf 73' lang='grc' dir='ltr'><strong>Μρ</strong></span> <span class='ocrx_word' id='word_1_218' title='bbox 732 2896 768 2950; x_wconf 89' lang='lat' dir='ltr'><strong>ad</strong></span> <span class='ocrx_word' id='word_1_219' title='bbox 786 2906 814 2950; x_wconf 74' lang='grc' dir='ltr'><strong><em>Β</em></strong></span> <span class='ocrx_word' id='word_1_220' title='bbox 893 2897 1042 2966; x_wconf 82' lang='lat' dir='ltr'><strong>gravisque</strong></span> <span class='ocrx_word' id='word_1_221' title='bbox 1061 2907 1093 2951; x_wconf 95' lang='grc' dir='ltr'><em>Μ</em></span> 
     </span>
     <span class='ocr_line' id='line_1_30' title="bbox 76 2968 1021 3036; baseline -0.004 -11"><span class='ocrx_word' id='word_1_222' title='bbox 76 2971 239 3034; x_wconf 85' lang='lat' dir='ltr'><strong>8recusaat</strong></span> <span class='ocrx_word' id='word_1_223' title='bbox 255 2978 284 3022; x_wconf 81' lang='grc' dir='ltr'><em>Μ</em></span> <span class='ocrx_word' id='word_1_224' title='bbox 365 2969 595 3036; x_wconf 73' lang='lat' dir='ltr'><strong>artibusom.13;</strong></span> <span class='ocrx_word' id='word_1_225' title='bbox 614 2968 705 3022; x_wconf 88' lang='lat' dir='ltr'><strong>verbis</strong></span> <span class='ocrx_word' id='word_1_226' title='bbox 724 2978 756 3022; x_wconf 96' lang='grc' dir='ltr'><em>Μ</em></span> <span class='ocrx_word' id='word_1_227' title='bbox 838 2984 906 3036; x_wconf 88' lang='lat' dir='ltr'><strong>qua:</strong></span> <span class='ocrx_word' id='word_1_228' title='bbox 926 2968 975 3036; x_wconf 91' lang='lat' dir='ltr'><strong>qui</strong></span> <span class='ocrx_word' id='word_1_229' title='bbox 992 2977 1021 3021; x_wconf 81' lang='grc' dir='ltr'><em>Μ</em></span> 
     </span>
     <span class='ocr_line' id='line_1_31' title="bbox 78 3011 1134 3109; baseline -0.008 -13"><span class='ocrx_word' id='word_1_230' title='bbox 78 3048 110 3096; x_wconf 94' lang='grc'><strong>11</strong></span> <span class='ocrx_word' id='word_1_231' title='bbox 131 3040 219 3095; x_wconf 89' lang='lat' dir='ltr'><strong>simus</strong></span> <span class='ocrx_word' id='word_1_232' title='bbox 237 3049 265 3093; x_wconf 74' lang='grc' dir='ltr'><strong><em>Β</em></strong></span> <span class='ocrx_word' id='word_1_233' title='bbox 348 3011 670 3109; x_wconf 75' lang='lat' dir='ltr'><strong>iamom.11V‚seipr.o</strong></span> <span class='ocrx_word' id='word_1_234' title='bbox 757 3040 882 3108; x_wconf 89' lang='lat' dir='ltr'><strong>iamque:</strong></span> <span class='ocrx_word' id='word_1_235' title='bbox 902 3040 1091 3108; x_wconf 80' lang='lat' dir='ltr'><strong>animaques</strong></span> <span class='ocrx_word' id='word_1_236' title='bbox 1132 3083 1134 3088; x_wconf 90' lang='lat'>.</span> 
     </span>
     <span class='ocr_line' id='line_1_32' title="bbox 149 3109 1089 3181; baseline -0.001 -15"><span class='ocrx_word' id='word_1_237' title='bbox 149 3127 261 3181; x_wconf 87' lang='lat' dir='ltr'><strong>egerem</strong></span> <span class='ocrx_word' id='word_1_238' title='bbox 277 3120 341 3176; x_wconf 76' lang='grc' dir='ltr'><strong>ΒΜ,</strong></span> <span class='ocrx_word' id='word_1_239' title='bbox 361 3129 428 3167; x_wconf 82' lang='lat' dir='ltr'><strong>corr</strong></span> <span class='ocrx_word' id='word_1_240' title='bbox 444 3122 493 3164; x_wconf 77' lang='lat' dir='ltr'><strong>om</strong></span> <span class='ocrx_word' id='word_1_241' title='bbox 584 3116 617 3164; x_wconf 83' lang='lat'><strong>14</strong></span> <span class='ocrx_word' id='word_1_242' title='bbox 640 3110 719 3180; x_wconf 88' lang='lat' dir='ltr'><strong>potui</strong></span> <span class='ocrx_word' id='word_1_243' title='bbox 739 3133 757 3163; x_wconf 80' lang='lat' dir='ltr'><strong>a</strong></span> <span class='ocrx_word' id='word_1_244' title='bbox 776 3109 829 3181; x_wconf 84' lang='lat' dir='ltr'><strong>(vel</strong></span> <span class='ocrx_word' id='word_1_245' title='bbox 847 3111 941 3179; x_wconf 87' lang='lat' dir='ltr'><strong>potuit</strong></span> <span class='ocrx_word' id='word_1_246' title='bbox 958 3128 1079 3180; x_wconf 70' lang='lat' dir='ltr'><strong>sapam</strong></span> <span class='ocrx_word' id='word_1_247' title='bbox 1048 3113 1089 3181; x_wconf 86' lang='lat' dir='ltr'><strong>m)</strong></span> 
     </span>
     <span class='ocr_line' id='line_1_33' title="bbox 78 3153 1091 3264; baseline -0.004 -26"><span class='ocrx_word' id='word_1_248' title='bbox 78 3189 112 3238; x_wconf 79' lang='lat'><strong>15</strong></span> <span class='ocrx_word' id='word_1_249' title='bbox 130 3199 182 3252; x_wconf 89' lang='lat' dir='ltr'><strong>pro</strong></span> <span class='ocrx_word' id='word_1_250' title='bbox 201 3153 394 3264; x_wconf 80' lang='lat' dir='ltr'><strong>communibus</strong></span> <span class='ocrx_word' id='word_1_251' title='bbox 412 3184 522 3251; x_wconf 76' lang='lat' dir='ltr'><strong>scripsi.</strong></span> <span class='ocrx_word' id='word_1_252' title='bbox 545 3197 596 3251; x_wconf 89' lang='lat' dir='ltr'><strong>pro</strong></span> <span class='ocrx_word' id='word_1_253' title='bbox 616 3183 805 3236; x_wconf 89' lang='lat' dir='ltr'><strong>communium</strong></span> <span class='ocrx_word' id='word_1_254' title='bbox 822 3191 882 3248; x_wconf 71' lang='lat' dir='ltr'><strong>BV,</strong></span> <span class='ocrx_word' id='word_1_255' title='bbox 902 3182 1091 3236; x_wconf 87' lang='lat' dir='ltr'><strong>communium</strong></span> 
     </span>
     <span class='ocr_line' id='line_1_34' title="bbox 77 3222 1090 3322; baseline -0.005 -12"><span class='ocrx_word' id='word_1_256' title='bbox 77 3264 154 3322; x_wconf 70' lang='lat' dir='ltr'><strong>nco,</strong></span> <span class='ocrx_word' id='word_1_257' title='bbox 174 3253 328 3308; x_wconf 85' lang='lat' dir='ltr'><strong>carminum</strong></span> <span class='ocrx_word' id='word_1_258' title='bbox 345 3254 407 3309; x_wconf 80' lang='lat' dir='ltr'><strong>Obr</strong></span> <span class='ocrx_word' id='word_1_259' title='bbox 464 3259 495 3307; x_wconf 86' lang='grc'><strong>16</strong></span> <span class='ocrx_word' id='word_1_260' title='bbox 515 3271 579 3307; x_wconf 89' lang='lat' dir='ltr'><strong>mox</strong></span> <span class='ocrx_word' id='word_1_261' title='bbox 593 3254 846 3308; x_wconf 81' lang='lat' dir='ltr'><strong>antemeretricum</strong></span> <span class='ocrx_word' id='word_1_262' title='bbox 860 3222 924 3307; x_wconf 74' lang='lat' dir='ltr'><strong>alid</strong></span> <span class='ocrx_word' id='word_1_263' title='bbox 939 3262 977 3320; x_wconf 93' lang='grc' dir='ltr'><strong>Μ,</strong></span> <span class='ocrx_word' id='word_1_264' title='bbox 996 3253 1046 3308; x_wconf 81' lang='lat' dir='ltr'><strong>del.</strong></span> <span class='ocrx_word' id='word_1_265' title='bbox 1058 3274 1090 3305; x_wconf 82' lang='lat' dir='ltr'><strong>m</strong></span> 
     </span>
     <span class='ocr_line' id='line_1_35' title="bbox 79 3295 1075 3395; baseline 0 -16"><span class='ocrx_word' id='word_1_266' title='bbox 79 3332 112 3379; x_wconf 79' lang='lat'><strong>19</strong></span> <span class='ocrx_word' id='word_1_267' title='bbox 131 3325 288 3394; x_wconf 84' lang='lat' dir='ltr'><strong>expositam</strong></span> <span class='ocrx_word' id='word_1_268' title='bbox 310 3335 331 3378; x_wconf 97' lang='lat' dir='ltr'><strong>V</strong></span> <span class='ocrx_word' id='word_1_269' title='bbox 380 3324 569 3395; x_wconf 88' lang='lat' dir='ltr'><strong>dispectuque</strong></span> <span class='ocrx_word' id='word_1_270' title='bbox 586 3333 621 3390; x_wconf 77' lang='grc' dir='ltr'><strong>Β,</strong></span> <span class='ocrx_word' id='word_1_271' title='bbox 640 3336 741 3380; x_wconf 68' lang='lat' dir='ltr'><strong>corno</strong></span> <span class='ocrx_word' id='word_1_272' title='bbox 813 3330 847 3378; x_wconf 89' lang='grc'><strong>20</strong></span> <span class='ocrx_word' id='word_1_273' title='bbox 866 3323 905 3378; x_wconf 86' lang='lat' dir='ltr'><strong>ei:</strong></span> <span class='ocrx_word' id='word_1_274' title='bbox 925 3325 954 3377; x_wconf 88' lang='lat' dir='ltr'><strong>et</strong></span> <span class='ocrx_word' id='word_1_275' title='bbox 970 3295 1035 3379; x_wconf 58' lang='lat' dir='ltr'><strong>&#39;Oba</strong></span> <span class='ocrx_word' id='word_1_276' title='bbox 1072 3380 1075 3384; x_wconf 68' lang='grc'><em>,</em></span> 
     </span>
     <span class='ocr_line' id='line_1_36' title="bbox 78 3395 1089 3465; baseline -0.002 -15"><span class='ocrx_word' id='word_1_277' title='bbox 78 3402 111 3451; x_wconf 89' lang='grc'><strong>21</strong></span> <span class='ocrx_word' id='word_1_278' title='bbox 132 3396 234 3450; x_wconf 87' lang='lat' dir='ltr'><strong>debere</strong></span> <span class='ocrx_word' id='word_1_279' title='bbox 252 3406 338 3449; x_wconf 75' lang='lat' dir='ltr'><strong>oms</strong></span> <span class='ocrx_word' id='word_1_280' title='bbox 414 3395 483 3464; x_wconf 85' lang='lat' dir='ltr'><strong>quid</strong></span> <span class='ocrx_word' id='word_1_281' title='bbox 501 3417 520 3448; x_wconf 83' lang='grc' dir='ltr'><strong><em>α</em></strong></span> <span class='ocrx_word' id='word_1_282' title='bbox 599 3402 632 3449; x_wconf 90' lang='grc'><strong>22</strong></span> <span class='ocrx_word' id='word_1_283' title='bbox 651 3395 817 3465; x_wconf 73' lang='lat' dir='ltr'><strong>patiebare</strong></span> <span class='ocrx_word' id='word_1_284' title='bbox 891 3395 962 3448; x_wconf 88' lang='lat' dir='ltr'><strong>iam:</strong></span> <span class='ocrx_word' id='word_1_285' title='bbox 981 3411 1038 3449; x_wconf 91' lang='lat' dir='ltr'><strong>non</strong></span> <span class='ocrx_word' id='word_1_286' title='bbox 1056 3405 1089 3462; x_wconf 69' lang='grc' dir='ltr'><strong>ε,</strong></span> 
     </span>
     <span class='ocr_line' id='line_1_37' title="bbox 77 3465 1090 3536; baseline -0.002 -14"><span class='ocrx_word' id='word_1_287' title='bbox 77 3469 135 3522; x_wconf 89' lang='lat' dir='ltr'><strong>iam</strong></span> <span class='ocrx_word' id='word_1_288' title='bbox 152 3469 222 3522; x_wconf 89' lang='lat' dir='ltr'><strong>tunc</strong></span> <span class='ocrx_word' id='word_1_289' title='bbox 240 3484 290 3522; x_wconf 76' lang='lat' dir='ltr'><strong>oia.</strong></span> <span class='ocrx_word' id='word_1_290' title='bbox 306 3477 337 3521; x_wconf 86' lang='lat'><strong>11</strong></span> <span class='ocrx_word' id='word_1_291' title='bbox 406 3474 440 3521; x_wconf 83' lang='grc'><strong>23</strong></span> <span class='ocrx_word' id='word_1_292' title='bbox 459 3467 508 3521; x_wconf 86' lang='lat' dir='ltr'><strong>isti</strong></span> <span class='ocrx_word' id='word_1_293' title='bbox 529 3467 590 3522; x_wconf 81' lang='lat' dir='ltr'><strong>cor.</strong></span> <span class='ocrx_word' id='word_1_294' title='bbox 663 3466 755 3536; x_wconf 88' lang='lat' dir='ltr'><strong>pallor</strong></span> <span class='ocrx_word' id='word_1_295' title='bbox 772 3470 801 3521; x_wconf 83' lang='lat' dir='ltr'><strong>et</strong></span> <span class='ocrx_word' id='word_1_296' title='bbox 819 3465 982 3519; x_wconf 85' lang='lat' dir='ltr'><strong>indeformia</strong></span> <span class='ocrx_word' id='word_1_297' title='bbox 999 3467 1090 3520; x_wconf 86' lang='lat' dir='ltr'><strong>macie</strong></span> 
     </span>
     <span class='ocr_line' id='line_1_38' title="bbox 78 3539 1041 3611; baseline -0.003 -19"><span class='ocrx_word' id='word_1_298' title='bbox 78 3545 141 3594; x_wconf 74' lang='grc' dir='ltr'>αιιιι</span> <span class='ocrx_word' id='word_1_299' title='bbox 159 3539 356 3608; x_wconf 82' lang='lat' dir='ltr'><strong>paupertatem</strong></span> <span class='ocrx_word' id='word_1_300' title='bbox 374 3539 438 3593; x_wconf 80' lang='lat' dir='ltr'><strong>add.</strong></span> <span class='ocrx_word' id='word_1_301' title='bbox 454 3560 480 3605; x_wconf 83' lang='grc' dir='ltr'><strong>α,</strong></span> <span class='ocrx_word' id='word_1_302' title='bbox 499 3541 696 3610; x_wconf 83' lang='lat' dir='ltr'><strong>om.p.268,1</strong></span> <span class='ocrx_word' id='word_1_303' title='bbox 768 3539 989 3611; x_wconf 58' lang='lat' dir='ltr'><strong>paupertasque</strong></span> <span class='ocrx_word' id='word_1_304' title='bbox 1008 3545 1041 3590; x_wconf 77' lang='grc' dir='ltr'>ιι</span> 
     </span>
    </p>
   </div>
   <div class='ocr_carea' id='block_1_5' title="bbox 0 0 1208 3840">
    <p class='ocr_par' dir='ltr' id='par_1_5' title="bbox 0 0 1208 3840">
     <span class='ocr_line' id='line_1_39' title="bbox 0 0 1208 3840; baseline 0 0"><span class='ocrx_word' id='word_1_305' title='bbox 0 0 1208 3840; x_wconf 95' lang='lat' dir='ltr'><strong> </strong></span> 
     </span>
    </p>
   </div>
  </div>
 </body>
</html>
