2408 3840
394 152 628 206 DECLAMATIO
648 153 712 206 XIV
730 159 807 206 3—6.
1040 153 1105 217 269

90 319 270 394 mendaciis,
302 324 332 380 et
363 340 430 380 cum
462 322 567 380 omnis
585 322 623 380 ad
656 322 866 399 expugnandas
895 325 1007 382 mentes
1036 342 1106 382 cura

91 411 216 470 conlata
238 412 286 483 sit,
309 430 369 468 non
392 410 503 469 sufficit
524 412 633 483 tamen,
657 413 691 468 ut
714 411 749 469 de
772 413 819 469 sui
841 413 966 469 caritate
990 414 1107 487 corpori

93 500 226 560 credant.
263 501 294 556 in
317 500 373 558 hoc
392 502 524 559 noctium
543 499 716 574 dierumque
735 499 904 558 sollicitudo
923 503 1107 560 consumitur

94 588 345 665 quemadmodum
372 589 408 646 de
440 589 613 647 libidinibus
640 588 694 646 fiat
721 589 867 662 adfectus,
900 609 959 663 qua
990 591 1106 648 ratione

74 679 331 741 stranscurrentia
358 678 466 735 cotidie
498 677 643 737 desideria
669 679 840 752 teneantur,
872 698 909 736 ne
937 680 986 736 cui
1011 682 1107 754 prosit

94 768 221 840 offensa,
253 786 290 824 ne
318 785 405 841 quem
433 768 560 842 explicet
588 766 693 842 pudor,
720 786 757 824 ne
785 786 872 841 quem
900 769 1022 826 satietas
1053 769 1107 826 ali-

94 856 215 934 quando
244 855 385 913 dimittat.
432 876 468 913 en
491 875 580 930 quam
607 857 719 931 putetis
746 857 885 934 ignorare
913 857 1019 932 quibus
1042 859 1106 914 vin·

94 948 181 1004 catur
218 945 336 1017 oculis,
361 963 436 1019 quae
467 964 520 1020 per
551 944 739 1003 incommoda
771 945 916 1003 desideria
947 945 1108 1022 flagrantes

94 1037 210 1094 mentes
237 1037 408 1108 corrumpat
434 1036 577 1109 primum,
609 1033 714 1091 deinde
742 1037 908 1106 consumat,
939 1053 1005 1092 cum
1033 1036 1108 1094 sciat

62 1124 205 1201 aquibus
228 1123 337 1195 oscula,
361 1123 467 1196 quibus
491 1124 634 1182 artissimi
651 1125 829 1197 rumpantur
848 1125 1008 1198 amplexus,
1032 1143 1108 1198 quae

93 1232 149 1288 pro
176 1213 297 1270 laetitia
319 1212 464 1285 dolorem,
491 1231 545 1287 pro
573 1211 727 1270 blanditiis
754 1212 929 1289 gaudiisque
952 1213 1112 1272 tristitiam.

93 1302 255 1377 praecipiti
282 1302 439 1359 velocitate
471 1300 662 1360 substituunt.
708 1299 859 1359 infinitum
891 1303 936 1361 est
963 1304 1108 1377 quantum

94 1409 130 1449 ex
158 1391 215 1448 hoc
244 1389 459 1448 medicamento
487 1389 665 1465 deprehendi
696 1392 792 1465 possit
823 1391 933 1448 notitia
964 1393 1108 1466 peiorum,

94 1496 183 1538 nemo
208 1481 264 1537 soit
285 1480 404 1536 tantum
426 1479 596 1537 remedium.

55 1587 81 1630 rs
164 1568 348 1642 Temptavit,
375 1568 499 1640 iudices,
523 1569 629 1626 mulier
652 1568 901 1643 inpudentissima
923 1569 1041 1627 sceleris
1064 1571 1109 1626 in-

94 1657 211 1716 vidiam
243 1658 362 1714 nomine
388 1658 519 1733 potionis
547 1657 674 1734 effugere
702 1659 733 1715 et
760 1676 905 1715 venenum
933 1661 1023 1736 negat
1048 1677 1109 1716 esse

93 1749 229 1818 tantum,
257 1747 315 1804 nisi
338 1746 417 1821 quod
444 1745 559 1804 occidit.
605 1747 720 1804 facinus
748 1747 806 1816 est,
833 1746 957 1820 iudices,
986 1746 1109 1805 evadere

94 1836 250 1906 nocenteS,
282 1836 353 1909 quia
384 1837 444 1892 iam
474 1836 589 1894 facinus
617 1835 705 1910 plura
737 1835 858 1894 devitat.
905 1836 978 1910 quid
1009 1836 1109 1909 refert,

94 1927 199 1983 animo
226 1925 332 1981 noceat
354 1925 463 1998 aliquis
492 1943 530 1982 an
552 1921 712 1982 membris?
758 1923 860 1982 eodem
883 1926 991 1983 scelere
1014 1927 1108 2000 porri-

55 2028 82 2074 κ
95 2015 181 2092 gitur
209 2031 295 2070 omne
318 2013 397 2088 quod
424 2031 483 2071 non
511 2013 588 2070 licet.
636 2013 865 2087 unumquodque
894 2033 928 2072 ex
956 2014 1001 2072 his
1031 2015 1110 2088 quod

96 2103 197 2174 datur,
220 2120 365 2159 venenum
389 2104 441 2160 est.

164 2191 324 2248 Excusatio
339 2191 504 2249 mehercule
519 2191 614 2249 adhuc
632 2210 686 2265 pro
701 2210 771 2249 sexu
789 2194 850 2264 tuo,
868 2210 923 2266 pro
938 2190 1109 2249 condicione
1128 2197 1145 2246 6

94 2281 241 2352 mulieris,
264 2280 315 2337 sed
333 2281 368 2336 ut
385 2281 439 2337 illa
457 2298 557 2338 nosses
575 2281 675 2357 gratia
692 2281 738 2337 tui
757 2279 992 2353 desideriumque
1010 2298 1110 2355 posses

95 2372 233 2446 ingerere
256 2369 432 2427 nolentibus.
470 2369 653 2446 excogitasti,
677 2388 729 2443 per
752 2368 831 2444 quod
854 2370 978 2427 maritos
1002 2387 1020 2426 a
1043 2387 1110 2427 con-

55 2471 81 2517 lo
95 2460 203 2535 iugum
222 2459 347 2516 caritate
365 2457 495 2530 diducas
509 2477 562 2533 per
581 2457 660 2532 quod
677 2458 818 2515 iuvenum
836 2460 949 2517 mentes
966 2457 1110 2535 abiungas

98 2547 137 2605 ab
166 2547 234 2605 aliis
260 2547 386 2605 fortasse
413 2547 624 2605 meretricibus.
671 2546 732 2604 odii
759 2547 1008 2605 medicamentum
1036 2567 1110 2604 nun-

173 2722 187 2769 1
207 2716 352 2768 mendicus
370 2724 405 2781 Β,
423 2733 491 2769 corr.
507 2726 524 2766 c
597 2722 612 2768 2
631 2732 686 2769 non
707 2728 734 2780 e,
754 2733 804 2770 om.
820 2739 842 2767 ω
910 2681 1002 2770 sdficit
1014 2725 1043 2769 Β

99 2786 210 2856 corpori
229 2804 262 2840 ec
280 2802 322 2839 -rc
339 2794 378 2853 Β;
399 2787 520 2855 corporis
540 2797 560 2838 ι’
620 2792 635 2840 3
655 2787 803 2840 solicitudo
822 2796 851 2840 Β
921 2794 937 2841 4
956 2787 1063 2841 retione
1082 2789 1112 2840 iu

98 2893 211 2947 ratione
228 2901 257 2945 Β
341 2899 355 2945 6
375 2909 410 2946 ne
422 2925 452 2932 —-
464 2894 555 2962 pudor
573 2911 623 2947 oua
637 2904 662 2947 J
739 2875 807 2963 aad}
827 2894 946 2947 sacietas
964 2902 1003 2960 Β;
1022 2909 1113 2962 neque

99 2964 221 3019 sacietas
241 2974 261 3016 V
330 2970 344 3016 '1
363 2964 511 3017 vincantur
529 2964 604 3018 oculi
624 2965 685 3031 Gr,
710 2964 806 3018 oculus
823 2966 883 3020 Otr.
958 2971 973 3018 8
992 2964 1113 3036 fiagran-

99 3035 453 3106 tesque113flagrantisa
507 3037 635 3089 emente
648 3044 676 3088 Β
729 3039 854 3090 comusat
871 3045 900 3089 Β
953 3053 1027 3090 oum:
1047 3052 1113 3089 cura

102 3108 164 3162 ocr.
240 3112 272 3159 12
293 3107 467 3160 substituunt
485 3109 600 3162 alterum
618 3125 636 3159 u
656 3109 687 3160 irc
704 3124 758 3162 ras.
776 3117 811 3176 ¹¹3
836 3107 1009 3161 substituant
1027 3119 1043 3158 s

102 3184 134 3232 13
154 3195 188 3232 oc
201 3186 235 3244 Β,
255 3195 322 3232 corr.
338 3189 368 3244 ὸς
388 3179 438 3232 del.
456 3179 596 3248 Gryphias
669 3184 702 3231 14
721 3180 764 3234 tn
784 3179 833 3232 sed
851 3179 1005 3232 remedium
1023 3187 1043 3230 s

103 3251 361 3318 retemptatum
432 3252 594 3303 utentum
612 3249 662 3304 del.
680 3248 727 3304 Gr.
796 3255 829 3303 18
847 3250 905 3302 iam
923 3250 987 3318 plus
1006 3248 1114 3304 devitat

100 3331 124 3374 J
177 3320 294 3374 denotat
310 3321 371 3375 Ohr.
422 3320 507 3374 refret
521 3331 548 3373 P
600 3325 634 3374 20
652 3321 871 3390 unumquodque
889 3333 919 3374 o:
939 3336 1061 3390 ·quoque
1080 3334 1114 3384 αβ

172 3393 197 3445 is
210 3401 239 3444 Β
317 3398 348 3444 21
370 3392 413 3446 est
432 3405 512 3456 ome
593 3398 626 3445 22
646 3393 825 3446 excusatione
844 3391 956 3446 hercule
974 3400 1002 3444 Β
1072 3394 1115 3444 est

103 3463 245 3518 excusatio
264 3463 290 3516 h.
311 3464 389 3519 Dese.
472 3469 505 3516 23
524 3478 620 3532 posses
640 3475 667 3517 e:
693 3465 789 3532 posset
807 3487 828 3517 ω
914 3468 947 3516 25
972 3463 1060 3516 ducat
1080 3472 1122 3527 a,

103 3534 225 3589 deducat
242 3543 272 3600 ῖς
291 3535 393 3588 educes
413 3544 463 3587 Mo
