2408 3840
112 159 179 222 4⁴26
424 154 616 210 sucunrrs
634 153 816 209 remense

112 331 215 385 autem
244 325 276 384 in
304 325 367 384 filio
396 328 494 384 mater
521 327 617 400 possit
644 325 853 400 ooncupiscere
884 325 967 401 quod
988 325 1122 384 formosos

112 419 171 483 est,
205 414 302 474 oderit
330 417 449 491 oportet
478 413 560 490 quod
591 413 671 472 filius
702 417 756 474 est.
804 412 844 472 ad
873 413 931 474 hoc
961 414 1047 474 nefus
1074 432 1124 472 nou

111 504 209 563 forme
233 504 286 563 sed
303 503 435 562 amentia
458 521 533 578 opus
554 506 608 562 est
648 521 771 581 aegrum
788 505 906 578 pietate
925 503 1061 562 animum
1080 521 1125 561 neo

112 593 287 652 deformitas
313 592 453 668 impedit,
481 609 536 650 nec
558 592 654 651 forms
675 595 775 670 auget.
817 596 865 651 est
891 592 926 650 in
951 591 1017 651 filio
1038 592 1126 651 nescio

112 683 193 758 quid,
212 681 291 758 quod
310 682 407 741 forma
425 682 583 740 formosius
601 686 654 740 est
690 683 718 740 si
734 688 836 740 tumen
854 681 988 740 formam
1006 699 1146 753 secusne

113 772 151 829 ad
174 776 313 829 naturam
335 770 520 829 redeundum
546 774 605 838 est,
634 771 662 829 si
683 768 785 828 odium
807 769 878 843 filii,
908 771 950 829 ad
973 772 1070 846 patris
1088 771 1126 828 iu·

111 860 309 920 festationem
350 859 420 918 inde
442 877 528 918 rarus
550 859 582 916 iu
605 858 738 934 publico,
766 858 837 918 iude
860 862 947 918 totus
973 861 1053 937 apud
1074 878 1127 918 me·

111 953 197 1008 trem.
237 948 291 1007 sed
307 967 361 1024 per
378 949 449 1007 deos
467 948 661 1022 immortales,
684 948 722 1007 ab
739 948 852 1007 incesto
871 947 1017 1009 libidines
1035 968 1126 1025 coepe

112 1037 203 1096 runt?
250 1037 317 1113 quis
351 1056 484 1113 unquam
514 1055 533 1095 a
566 1037 690 1096 summis
722 1035 850 1113 incipit?
900 1037 1059 1098 infinitum
1090 1041 1127 1098 est

112 1127 192 1203 quod
214 1126 321 1185 debeat
343 1131 413 1185 ante
431 1127 536 1185 fecisse
560 1126 649 1186 filius.
691 1124 784 1202 quid?
806 1125 888 1202 quod
909 1127 962 1186 bic
986 1129 1156 1187 contrarias

112 1215 326 1274 miscerentur?
366 1216 460 1274 etad
485 1216 635 1275 incestum
656 1233 731 1292 opus
758 1217 817 1289 est,
846 1217 882 1274 ut
909 1215 1084 1290 adametur,
1103 1222 1127 1276 et

111 1304 150 1362 ad
173 1304 283 1376 filium,
306 1307 422 1364 utnon
446 1308 570 1364 ametur.
615 1324 669 1364 our
689 1304 785 1362 filium
808 1303 972 1364 occidisti?
1013 1307 1046 1365 P.
1066 1307 1128 1382 quis

111 1412 213 1451 rumor
236 1412 302 1450 oum
331 1393 499 1454 accusabat
540 1396 585 1452 M.
605 1412 672 1454 ecoe
698 1411 746 1452 res
775 1394 824 1452 cui
850 1398 960 1454 contra
987 1399 1127 1465 usturam

111 1484 214 1540 contra
237 1485 389 1556 parentes,
418 1486 524 1542 contra
550 1482 660 1542 liberos
688 1482 768 1542 credi
791 1481 907 1542 debeat·
951 1502 1021 1557 oro,
1044 1483 1075 1543 P.
1094 1482 1127 1549 0.,

111 1590 172 1643 oro,
195 1571 243 1628 cui
261 1571 379 1630 facilius
399 1571 578 1631 credendum
595 1576 654 1631 est:
676 1572 713 1632 de
735 1589 853 1630 rumore
871 1572 1074 1647 mendacium,
1095 1588 1154 1630 sos

110 1659 147 1717 de
170 1663 265 1717 matre
292 1658 459 1719 incestum?
500 1662 533 1719 P.
553 1662 686 1720 omnium
713 1679 846 1719 sermone
873 1659 1041 1722 damnatus
1064 1667 1126 1721 eret.

110 1749 155 1806 M.
175 1749 353 1808 facillimum
376 1751 448 1823 fuit,
479 1753 515 1808 ut
536 1751 709 1827 loqueretur
730 1750 874 1826 populus,
898 1750 935 1808 dc
961 1770 1025 1827 quo
1047 1752 1126 1810 mira·

110 1838 201 1896 batur
221 1842 337 1914 patrem
361 1839 514 1914 suspicari.
555 1840 622 1915 quis
641 1842 742 1898 eutem
763 1839 884 1897 fabulae
902 1839 1002 1899 fuerit
1025 1844 1126 1901 auctor.

110 1926 162 1986 ille
192 1928 301 2004 probat
329 1930 382 2003 qui
409 1928 544 1987 credidit.
586 1947 651 2003 cur,
681 1930 817 2003 inquam,
846 1927 944 1986 filium
980 1928 1126 1989 occidisti?

110 2018 143 2075 Ρ,
163 2018 234 2092 quia
256 2019 370 2076 rumori
388 2017 508 2076 credidi.
550 2018 595 2076 Μ.
615 2037 675 2093 quo
694 2019 879 2094 argumento,
901 2018 1035 2092 perdite,
1059 2017 1153 2078 credie

111 2105 237 2165 debeat?
279 2107 426 2165 demetri
449 2110 479 2164 et
496 2106 559 2165 filio
577 2107 655 2165 hanc
672 2106 893 2178 conscientiam,
916 2106 957 2165 ab
977 2100 1125 2188 utro[que]

110 2198 232 2254 venient
254 2194 376 2271 preces?
417 2195 540 2255 audebit
557 2196 613 2255 hoc
630 2214 736 2275 rogare
753 2195 842 2269 filius,
865 2197 920 2254 sut
943 2198 1084 2273 sperabit
1103 2215 1126 2255 se

110 2285 338 2359 impetraturam
370 2283 487 2343 mater?
537 2285 575 2343 da
602 2287 755 2362 rogatum,
786 2284 825 2342 da
856 2302 1037 2345 concessum
1066 2304 1126 2346 esse.

111 2391 210 2431 coram
233 2377 318 2448 patre
347 2373 539 2432 abstinebunt
589 2375 684 2433 omnis
711 2373 904 2432 familiaritas
929 2377 1128 2454 susti-lugetur

109 2463 141 2518 in
164 2461 292 2537 publico.
333 2466 434 2521 utrum
457 2463 541 2536 velis,
565 2463 649 2540 elige.
690 2462 838 2521 incestum
858 2461 994 2540 diligens
1019 2478 1154 2543 suspecs

109 2544 262 2628 tuusque]
286 2569 345 2610 non
369 2553 435 2625 erit,
459 2553 613 2629 negligens
636 2550 879 2627 deprehendetur.
921 2552 958 2610 P.
980 2573 1044 2614 non
1064 2555 1128 2613 dixi:

109 2637 211 2711 debui,
241 2640 293 2697 sed
321 2640 441 2698 credidi.
487 2643 532 2699 M.
552 2640 603 2700 sed
632 2659 686 2699 neo
713 2639 872 2700 credidisti.
915 2642 965 2700 vis
996 2645 1075 2719 quid
1100 2643 1129 2701 (le

109 2747 227 2785 rumore
246 2729 309 2803 ipse
329 2731 463 2803 senseris,
482 2730 613 2788 breviter
630 2727 774 2804 probem?
814 2728 853 2786 da
872 2727 992 2790 bonum
1012 2740 1130 2808 patrem,

109 2815 256 2874 dicturam
279 2837 326 2876 me
344 2820 443 2892 putet:
466 2837 526 2877 non
546 2818 653 2877 credet.
696 2837 763 2877 non.
804 2819 907 2886 immo,
931 2823 1054 2881 nesciet
1075 2839 1129 2882 esse

108 2925 264 2964 rumorem.
306 2926 398 2983 prope
422 2910 467 2966 est
492 2909 605 2967 incesto
632 2907 752 2980 timere,
775 2927 812 2966 ne
834 2907 897 2965 fiat.
940 2907 984 2968 da
1014 2913 1156 2981 malumst

108 2997 264 3054 tormentis
293 2997 494 3070 quaerendum
522 3015 584 3056 esse
612 2997 736 3072 putasti.
779 3015 832 3055 cur
853 2995 952 3055 filium
977 2996 1130 3060 occidisti?

107 3081 140 3138 P.
160 3101 218 3142 non
242 3087 377 3158 potorem
396 3088 443 3145 tot
461 3085 645 3146 delatoribus
663 3087 752 3145 aliter
770 3084 958 3162 respondere.
1005 3088 1132 3147 breviter

178 3330 193 3376 2
213 3323 251 3378 ad
269 3324 421 3381 hoc--est
438 3334 498 3398 post
517 3331 603 3398 auget
621 3329 748 3384 ecbibent
767 3335 845 3380 Μ
917 3331 933 3379 6
952 3327 1129 3384 referendum

96 3406 181 3453 IWB
272 3400 377 3458 ‘linde
398 3418 451 3457 om.
469 3409 517 3454 vn
607 3403 642 3452 to
661 3401 742 3448 oute.
758 3401 855 3447 autem
870 3406 946 3447 usu
1040 3408 1070 3454 11
1090 3402 1128 3453 est

88 3485 192 3530 om.1¹
258 3483 290 3534 12
314 3475 473 3534 adametur
494 3482 572 3528 nvn
635 3473 673 3522 is
693 3469 794 3517 coutra-
805 3469 919 3513 oron
978 3471 1021 3515 uk
1036 3470 1142 3518 besem.

75 3546 156 3617 finis
176 3551 290 3612 codicis
314 3563 345 3609 ι’
