2408 3840
117 155 183 218 410
424 152 616 208 uxorum
633 151 813 208 PARISINA.

116 327 206 399 caput
235 323 351 381 dabam.
396 325 431 380 tu
459 324 569 381 rectius
598 324 688 381 tenes.
737 321 805 380 illos
835 320 919 382 habe.
966 323 1006 382 D.
1025 323 1127 397 fateor,

115 413 147 469 P.
168 412 205 486 S„
230 411 302 486 quid
326 409 435 488 agam?
476 412 502 469 si
524 411 593 469 illos
615 410 748 486 hausere,
772 410 821 470 hio
845 410 881 469 de
902 413 1034 486 paritate
1058 429 1126 489 gau·

115 501 205 574 debit,
228 503 253 558 si
276 503 376 574 istum
398 500 446 558 illi
464 500 499 558 de
518 500 646 559 orbitate
664 518 732 558 mea
753 503 927 560 tumescent.
967 502 1001 558 P.
1020 501 1127 559 intelli·

116 592 195 668 gitis,
220 580 345 664 iudices
370 588 471 647 divitis
494 588 691 647 insolentiam.
733 608 788 648 nec
814 591 929 648 rationi
950 608 1004 647 nec
1026 581 1126 648 r'olun·

115 679 172 737 tati
196 679 281 737 cedit.
325 678 361 735 ab
385 680 510 752 utroque
533 677 612 737 iuste
635 677 745 736 decidit
769 679 820 752 qui
843 680 983 737 neutrum
1006 678 1156 756 colligite

114 767 153 825 D.
173 769 273 840 immo,
296 768 488 841 nequissime,
517 769 677 842 utrumque
702 769 818 825 ratione
846 768 975 826 obtineo.
1018 770 1126 827 constet

115 857 184 914 licet
206 858 358 929 utrimque
381 874 535 929 numerus,
562 855 635 930 quid
658 858 703 915 est
726 856 835 930 forma,
858 875 965 933 genus,
987 857 1125 932 probitas,

115 964 203 1020 super
226 946 325 1002 omnia
343 943 438 1002 bonus
455 944 561 1019 pater‘l
583 945 701 1020 probis
721 945 857 1003 omnibus
878 944 966 1004 cadet
984 948 1016 1003 et
1037 949 1124 1021 pater.

114 1054 173 1091 non
196 1036 295 1109 potest
317 1032 377 1091 illis
401 1033 471 1092 solis
500 1036 531 1091 et
552 1033 639 1091 liberi
662 1036 692 1093 et
718 1037 804 1110 pater
831 1037 862 1092 et
884 1035 992 1093 civitas
1017 1036 1124 1093 satiari

114 1123 146 1180 P.
165 1124 197 1180 in
216 1140 306 1179 unam
324 1140 432 1179 noram
450 1121 526 1179 duae
545 1122 695 1182 vindictae
713 1141 772 1180 non
791 1124 979 1181 conveniunt.
1017 1125 1058 1183 D.
1076 1142 1125 1199 pro
1137 1143 1156 1182 o

31 1274 35 1281 ,
114 1211 215 1270 liberis
233 1211 328 1284 liberi,
346 1229 400 1285 pro
419 1213 504 1286 patre
523 1212 609 1286 pater
626 1212 769 1270 talionem
788 1211 899 1270 subeat.
939 1213 971 1269 P.
992 1213 1035 1272 sit
1053 1231 1124 1271 sane.

115 1319 184 1376 ergo
214 1299 283 1357 illos
313 1299 350 1356 ad
381 1301 507 1358 mortem
540 1318 621 1376 paro.
667 1299 812 1360 ceusu.
853 1319 913 1359 non
948 1303 1125 1360 osculaberis

114 1408 167 1446 nec
197 1388 356 1463 salutabis,
387 1391 458 1463 quie
487 1408 540 1447 neo
570 1389 643 1446 mihi
672 1388 704 1447 id
734 1389 825 1447 licuit.
873 1389 907 1447 P.
930 1409 990 1448 uon
1022 1409 1125 1468 pugno.

113 1479 243 1550 veniant,
263 1479 292 1534 et
311 1478 399 1535 simul
417 1478 583 1536 moriemur.
617 1478 655 1536 D.
670 1479 799 1536 minime.
832 1479 979 1554 numquid
998 1481 1061 1538 mei
1074 1499 1125 1538 uno

113 1567 265 1641 perierunt
294 1563 377 1624 ictu?
422 1566 498 1624 nihil
529 1570 573 1626 est
602 1565 749 1626 crudelius
778 1570 874 1625 morie
904 1568 1058 1644 populari.
1097 1569 1124 1626 P.
1137 1586 1155 1626 u

113 1673 172 1711 non
190 1655 281 1731 fugio.
311 1657 341 1713 et
359 1673 414 1732 ego
433 1657 464 1714 et
481 1655 528 1714 illi
547 1655 690 1732 populum
704 1656 840 1714 feramus.
873 1659 961 1731 potes
980 1654 1126 1735 amplius?

112 1743 152 1800 D.
172 1742 222 1802 sed
245 1762 299 1802 nec
321 1743 372 1817 sio,
395 1746 536 1818 quoniam
554 1746 690 1803 miseriae
712 1763 789 1804 mors
813 1744 887 1802 finis.
931 1745 995 1804 iam
1020 1746 1125 1819 deficio,

112 1831 144 1889 P.
170 1832 208 1906 S„
238 1851 291 1891 nec
320 1835 387 1890 utro
421 1853 475 1892 neo
505 1836 630 1908 utroque
664 1834 764 1893 satior.
813 1835 917 1892 occisis
952 1834 1060 1894 liberis
1088 1836 1125 1894 nil

112 1921 232 1996 dolebit,
255 1922 313 1979 nisi
336 1923 452 1995 vixerit,
475 1925 573 1981 minus
593 1924 683 1981 etiam
705 1942 761 1997 me,
784 1923 810 1980 si
832 1924 950 1981 vixerit.
993 1926 1124 2001 relinquo

113 2011 195 2069 vobis
218 2012 359 2068 iniuriam
378 2010 461 2069 cuius
480 2011 613 2070 vindicta
635 2030 689 2070 neo
709 2013 864 2086 praeteriri
884 2010 982 2086 debet,
1010 2034 1065 2074 neo
1087 2015 1151 2072 ins

111 2101 206 2157 veniri
229 2102 334 2176 potest.

402 2259 468 2316 XII.
494 2259 709 2320 Gaoavnmavs
732 2278 828 2320 rasni

175 2382 389 2458 Argumentum
411 2403 437 2442 o.
451 2403 483 2458 p.
503 2387 577 2454 217,
599 2386 625 2443 6.

178 2472 265 2532 Ciuis.
312 2475 461 2547 quamvis,
493 2473 619 2548 iudices,
648 2473 877 2533 innumerabiles
906 2473 1123 2553 indignationis

109 2580 215 2620 causae
234 2582 280 2618 me
295 2563 490 2638 strangulent,
509 2564 581 2637 quia
599 2582 653 2621 nec
666 2563 762 2622 dicere
781 2564 870 2622 simul
886 2565 992 2622 omnia
1008 2582 1150 2641 possins

108 2668 162 2708 neo
180 2669 283 2727 greges
302 2650 439 2710 dolorum
456 2654 713 2728 prorumpentium
731 2653 763 2711 in
781 2652 906 2729 singulis
926 2652 1060 2730 differre,
1080 2656 1122 2714 ille

108 2742 208 2796 tamen
231 2743 430 2815 praeoccupat
449 2742 501 2815 qui
523 2740 559 2799 de
578 2741 726 2800 vindictae
751 2741 894 2800 dilatione
915 2744 1025 2802 oritur.
1072 2745 1122 2803 Le·

106 2832 199 2900 yetus.
246 2827 278 2885 id
301 2828 438 2903 primum,
461 2829 493 2886 P.
514 2828 554 2904 0.,
578 2830 722 2903 obtestor,
752 2850 788 2907 ne
814 2848 873 2888 non
897 2831 964 2889 iure
988 2833 1024 2891 in
1053 2837 1121 2892 iram

179 3055 194 3101 3
213 3050 373 3104 tumescunt
392 3061 469 3105 ΝΒ
575 3060 590 3106 5
609 3054 713 3108 iniuste
732 3063 760 3106 R
868 3059 883 3106 'l
907 3056 953 3107 eat
976 3070 1030 3110 ona.
1051 3063 1121 3109 lm

106 3121 259 3188 8patri1¹
311 3121 412 3175 9solis
431 3140 481 3178 om.
506 3133 551 3177 Vn
603 3130 636 3178 12
656 3142 724 3178 non:
743 3133 887 3178 neom!
947 3131 980 3180 lo
1000 3126 1123 3180 ictumr

107 3196 140 3244 16
160 3194 188 3243 et
207 3208 271 3261 ego:
291 3202 391 3261 egoP
462 3200 493 3247 17
513 3195 576 3249 finis
595 3198 638 3249 est
660 3205 706 3249 VB

177 3321 210 3370 22
231 3315 380 3372 cadaveris
399 3318 475 3389 pasti
492 3282 518 3372 ἰ
535 3319 582 3373 lex
600 3329 627 3372 Ρ
714 3327 749 3374 24
768 3319 853 3375 Giris:
874 3320 980 3392 aliquis
999 3332 1078 3377 lm

96 3395 132 3445 25
151 3389 374 3467 stamgularent
394 3402 419 3447 Ρ
516 3396 553 3444 ‘ab
571 3389 681 3444 deterre
698 3401 727 3441 a
814 3397 850 3441 ‘ul
867 3408 914 3444 me
931 3394 1115 3462 praeoccupat

87 3474 174 3523 RVB
237 3468 356 3526 oriatur
374 3476 422 3524 VB
484 3469 523 3520 ‘lib
543 3469 608 3517 vulbe
618 3460 655 3512 'id
666 3458 734 3513 odd.
747 3457 1045 3532 Rubi-uebxpcwmun
1055 3464 1117 3510 Κῶ·

81 3540 153 3598 dem
171 3543 391 3602 innocentiam
402 3538 524 3598 ratione
540 3521 859 3590 absumeretis-meniu
865 3521 1146 3584 postumium.
