2406 3832
115 146 159 209 24
228 228 233 239 '
453 143 588 200 CAEGVS
606 143 647 198 IN
664 145 792 200 LIMINE

115 316 261 391 negasset.
304 313 447 373 adductus
472 314 510 373 ad
531 314 626 374 filium
650 334 739 375 senex
762 314 838 374 dixit
860 317 961 374 iuveni
985 314 1125 392 quicquid

116 402 258 461 audierat.
295 422 455 478 nunquam,
478 403 599 479 iudices,
619 407 683 463 tam
701 403 844 480 simplicis
862 405 1049 464 innocentiae
1069 405 1126 464 fuit

115 491 230 550 facinus
253 509 370 568 negare.
406 511 466 551 non
489 495 565 552 esset
584 513 672 554 ausus
695 493 811 552 iuvenis
829 511 929 551 coram
948 512 983 553 ea
1001 495 1125 554 muliere

114 580 235 639 mentiri
258 599 333 656 quae
355 581 488 657 prodidit
505 584 535 640 et
558 583 624 640 sciit
642 584 694 642 ubi
716 583 794 641 esset
811 601 965 642 venenum.
1003 585 1038 642 ut
1055 602 1125 643 vere

115 670 207 729 sensit
225 669 328 729 infelix
346 670 508 729 instantem
526 690 683 731 novercam
701 671 972 748 postulantemque,
989 674 1025 730 ut
1044 673 1124 730 sinus
1147 687 1157 730 s

114 760 229 818 iuvenis
252 760 464 835 exquireretur,
487 762 558 819 tunc
581 779 651 819 vero
675 760 835 836 attonitus,
857 761 982 819 haerens
1007 763 1037 820 et
1062 763 1127 821 tota

114 849 260 907 malorum
282 867 403 908 suorum
425 850 608 927 cogitatione
632 851 769 909 confusus
792 849 941 908 intellexit
963 849 1019 908 hoc
1038 870 1125 928 argu·

114 941 247 998 mentum
280 939 342 996 eius
370 956 432 997 esse
460 957 535 1012 quae
567 942 716 1015 parasset,
748 939 782 996 ut
808 941 910 1014 posset
938 938 1125 1014 deprehendi.

114 1028 208 1105 igitur
234 1045 372 1103 propere,
400 1027 577 1085 festinanter
603 1029 703 1087 omnia
730 1027 862 1086 membra
886 1029 1075 1103 pertractans
1099 1031 1126 1087 et

113 1118 216 1175 mersis
240 1116 272 1172 in
295 1117 392 1173 sinum
414 1115 559 1192 manibus,
583 1115 654 1174 dum
676 1119 783 1176 cuncta
806 1116 1032 1192 suspicionibus,
1056 1117 1125 1176 dum
1138 1134 1162 1175 re

79 1207 200 1263 ttactu
226 1204 342 1263 iuvenis
370 1205 517 1280 explorat,
544 1225 690 1264 venenum
716 1207 830 1281 primus
857 1206 980 1264 invenit.
1026 1206 1125 1279 laudo,

114 1293 238 1368 iudices,
266 1293 466 1352 innocentiam
494 1295 619 1369 silentii,
646 1294 736 1355 laudo
763 1294 902 1353 fiduciam
928 1294 1008 1369 quod
1035 1295 1125 1354 inter·

113 1384 236 1460 rogatus
260 1383 307 1440 cui
329 1386 472 1457 parasset,
496 1402 555 1442 non
577 1385 697 1459 putavit
720 1383 778 1442 sibi
800 1382 1016 1443 defendendum
1038 1403 1125 1443 vene·

114 1492 193 1528 num.
238 1490 301 1529 rem
326 1472 398 1544 quin
424 1472 514 1531 immo
542 1472 613 1531 fecit
640 1474 703 1532 eius
727 1472 779 1548 qui
806 1475 895 1531 sciret
921 1475 1040 1547 patrem
1067 1493 1124 1532 non

114 1561 302 1635 crediturum,
327 1562 356 1618 et
370 1592 414 1600 —
429 1580 504 1635 quae
522 1561 652 1620 maxima
671 1564 716 1621 est
733 1561 919 1620 innocentiae
938 1563 1125 1622 contumacia
1138 1577 1163 1619 rs

116 1682 153 1689 -
171 1649 392 1726 persuasionem
411 1651 489 1709 senis
507 1651 591 1709 nulla
607 1651 704 1709 voluit
722 1652 910 1710 excusatione
929 1668 1125 1727 corrumpere.

113 1738 255 1797 nonfuit
281 1737 356 1796 illud
383 1738 558 1815 trepidatiO,
585 1759 645 1798 non
672 1741 765 1798 tacita
791 1740 943 1799 confessio.
991 1741 1126 1816 quisquis

113 1827 204 1886 habet
225 1846 385 1902 venenum,
407 1827 497 1887 habet
521 1831 550 1887 et
574 1828 653 1903 quod
674 1828 853 1905 respondeat
875 1828 1082 1904 deprehensus.

179 1917 265 1974 Fecit
286 1920 355 1992 post
376 1917 449 1976 haec
467 1936 555 1977 senex
573 1936 636 1976 rem
654 1917 780 1977 hominis
801 1936 888 1992 quem
906 1936 966 1976 non
984 1920 1127 1978 movisset

114 2005 256 2080 quicquid
287 2005 448 2064 invenerat.
495 2025 554 2065 non
588 2008 679 2066 torsit
713 2007 878 2066 ministeria
915 2008 995 2065 caeci
1028 2010 1058 2066 et
1091 2007 1162 2066 dese

114 2094 235 2168 scelere,
262 2095 294 2150 in
318 2114 376 2170 quo
405 2095 484 2155 solus
512 2113 619 2155 nocens
648 2114 710 2155 esse
737 2095 887 2172 parricida
912 2113 971 2153 non
998 2099 1126 2172 poterat,

113 2203 172 2242 non
192 2183 333 2260 explicuit
351 2185 484 2243 ordinem
503 2184 694 2259 quaestionis
713 2185 773 2260 sed,
788 2184 867 2260 quod
885 2185 952 2260 plus
972 2187 1018 2242 est
1036 2203 1127 2260 quam

114 2273 280 2346 absolvere,
306 2274 421 2332 remisit
447 2273 549 2333 iuveni
573 2273 780 2333 defensionem.
826 2276 929 2332 utrum
952 2273 1059 2332 deinde
1082 2275 1126 2331 in-

113 2363 239 2422 tellectis
268 2361 443 2421 deterrimae
471 2363 603 2421 mulieris
631 2362 747 2422 insidiis
775 2362 873 2421 filium
899 2362 1053 2438 paulisper
1074 2382 1126 2422 vo-

112 2450 202 2510 luerit
226 2450 450 2510 exheredatione
473 2455 627 2530 protegere
651 2454 681 2510 et
699 2451 871 2528 diligentius
891 2451 926 2510 de
944 2452 1160 2526 patrimonica

113 2558 166 2598 suo
191 2540 407 2600 deliberaturus
426 2541 546 2598 interim
565 2541 739 2616 captaverit,
762 2544 797 2599 ut
819 2540 970 2600 videretur
991 2541 1125 2600 mulieris

114 2628 273 2704 cupiditati
296 2629 357 2687 iam
379 2649 439 2688 non
462 2629 579 2687 obstare
602 2629 771 2707 privignus,
798 2649 836 2688 an
858 2629 1035 2688 facillimum
1059 2631 1126 2703 fuit,

113 2718 147 2774 ut
180 2716 436 2777 exheredationem
466 2736 584 2793 quoque
616 2719 789 2794 impetraret
820 2737 947 2778 noverca
978 2719 1059 2777 caeci
1089 2718 1125 2777 ab

113 2806 231 2864 homine
256 2806 304 2863 oui
326 2807 390 2864 tam
412 2806 508 2864 multa
535 2809 735 2883 persuaserat,
764 2807 995 2884 cogitationibus
1017 2809 1125 2867 vestris

113 2894 255 2968 relinquo.
292 2894 347 2954 hoc
369 2897 489 2954 tantum
511 2895 619 2956 dixisse
639 2898 793 2956 contentus
813 2915 890 2955 sum:
913 2898 1125 2956 testamentum
1137 2912 1160 2955 so

186 3049 201 3096 3
221 3060 315 3098 coram
333 3060 367 3098 ea
385 3046 417 3099 ia
434 3045 512 3101 ras?
525 3056 553 3100 B
606 3053 622 3100 4
641 3047 706 3101 sciit
719 3064 805 3117 supra
819 3049 948 3102 toracem
960 3047 1072 3115 scripsit
1087 3056 1125 3113 B,

114 3133 147 3170 ec
165 3121 319 3170 correctura
336 3122 362 3170 et
379 3120 411 3170 ia
428 3134 530 3171 rasura
548 3128 585 3185 Ρ,
609 3120 694 3188 sciuit
711 3129 736 3171 J
805 3124 821 3172 ὁ
839 3118 1087 3189 postulantemque
1109 3126 1130 3169 V

115 3227 130 3274 6
150 3221 311 3290 exquiretur
330 3233 367 3290 Μ,
386 3239 454 3278 corr.
469 3245 501 3275 m
573 3229 588 3276 9
607 3207 715 3294 proprie
733 3235 761 3278 B
832 3230 864 3277 11
883 3224 982 3278 laudo:
1002 3223 1125 3279 laudabo

115 3302 147 3358 Ρ,
167 3309 233 3347 corr.
248 3315 269 3354 p
338 3301 370 3347 12
390 3295 510 3348 iudices:
529 3294 666 3349 iudicium
685 3306 718 3363 P,
737 3314 805 3351 corr.
818 3319 840 3357 p
904 3301 936 3349 16
956 3295 1057 3351 voluit:
1077 3310 1125 3349 no-

113 3364 168 3416 luit
187 3374 218 3416 M
288 3371 321 3418 17
344 3366 428 3419 illud:
452 3364 536 3419 velud
554 3375 574 3418 s
647 3373 680 3420 18
704 3370 733 3421 et
754 3385 828 3436 supr.
848 3377 870 3419 V
937 3372 971 3420 20
994 3367 1078 3421 torsit
1095 3366 1124 3420 in

114 3451 271 3506 ministeria
289 3463 316 3506 1³
386 3460 419 3508 25
439 3443 654 3508 exheredatione
673 3465 701 3509 Β
772 3462 804 3509 26
825 3456 981 3525 captaverit
999 3473 1032 3511 ea
1050 3455 1088 3508 -is
1108 3462 1129 3505 V

116 3530 151 3578 28
170 3523 425 3582 exheredationem:
445 3525 655 3581 heredationem
679 3536 700 3579 V
1124 3557 1127 3562 -
