2408 3840
125 116 191 178 412
440 112 631 167 EXOERPTA
649 112 829 167 PARJSINA.

129 284 158 342 0.
180 286 251 341 esto.
289 282 341 341 sed
359 281 429 341 deos
443 285 545 355 testor,
565 300 616 340 cur
634 300 695 339 non
709 279 855 342 divertis?
896 301 1050 358 nunquam
1069 281 1140 340 diffi-

127 372 212 429 cilius
232 371 396 429 dimittitur
413 372 549 429 triticum
568 389 657 445 quam
672 370 752 445 apud
770 371 890 429 famem.
932 372 969 429 L.
985 373 1142 448 tempestas

126 463 158 517 in
177 480 272 517 unum
291 460 400 536 agebat
418 460 570 535 angulum.
614 459 644 518 0.
660 461 695 518 tu
714 477 781 517 cum
800 463 980 536 tempestate
997 461 1030 518 in
1048 463 1142 536 proxi·

127 570 208 606 mum
244 549 342 607 locum
376 548 562 625 naufragare.
611 549 648 605 L.
672 567 761 623 rupes
794 549 925 624 undique
957 550 1143 627 naufragium

128 639 224 696 solum
248 638 398 696 vetabant.
441 637 472 696 0.
492 655 562 695 sane
586 639 706 712 portum
728 639 823 710 intra,
851 637 903 698 sed
923 656 1068 715 repugna.
1108 639 1173 696 Ls

126 746 232 801 pacem
259 725 482 802 promittebant.
527 726 557 785 0.
578 744 629 783 our
659 726 766 784 saltem
796 745 855 785 non
886 725 1070 802 impertisti?
1109 728 1142 785 L.

84 880 88 886 Ι
128 816 269 874 volebant
297 818 395 872 toturn
423 833 527 872 emere.
573 814 716 873 nolebant
744 815 839 892 gratis
867 818 986 892 partem
1009 817 1143 892 recipere.

128 905 272 963 famelicis
296 922 345 962 aes
368 903 445 960 nihil
468 907 520 962 est.
565 903 595 963 0.
614 905 649 961 tu
672 922 741 962 vero
765 907 900 963 nostrum
928 905 981 980 qui
1006 924 1096 964 ausus
1118 924 1144 965 es

128 991 274 1052 vendere?
321 992 358 1049 L.
380 993 459 1051 fame
493 992 679 1052 laborabant.
716 994 820 1067 timui,
849 1013 887 1052 ne
915 999 1068 1070 raperent.
1117 994 1144 1054 0.

128 1099 324 1157 nequaquam.
374 1083 428 1155 qui
458 1083 536 1140 enim
567 1083 672 1156 quanti
701 1083 780 1156 vult,
810 1083 928 1156 vendit,
958 1087 1062 1158 potest
1091 1101 1176 1142 nonio

128 1170 261 1228 vendere.
311 1171 363 1244 qui
393 1169 484 1245 duplo
515 1171 600 1244 emit,
631 1188 691 1229 non
719 1171 843 1230 festinat
871 1190 987 1248 rapere.
1038 1173 1077 1230 L.
1096 1192 1145 1250 ego

129 1263 207 1317 certe
231 1258 282 1316 diu
305 1260 396 1317 nolui.
441 1257 472 1317 0.
492 1262 522 1317 et
544 1277 598 1318 nos
621 1259 674 1318 illo
698 1259 750 1317 diu
773 1261 951 1335 perivimus,
975 1265 1006 1319 ct
1031 1262 1147 1320 tandein

129 1347 259 1406 voluisti.
306 1348 343 1405 L.
362 1349 424 1405 iam
453 1367 558 1422 rapere
588 1348 790 1407 susurrabant.
839 1349 870 1408 0.
889 1352 923 1408 tu
947 1353 1063 1425 patere.
1101 1354 1148 1408 aut

129 1436 174 1492 illi
199 1437 313 1510 ahquid
336 1437 420 1495 nobis
444 1437 655 1512 relinquerent,
679 1441 733 1496 aut
754 1439 789 1496 tu
812 1438 897 1497 nobis
919 1438 1051 1499 iniurias
1074 1443 1148 1498 retu·

129 1526 227 1599 lisses3
246 1525 335 1583 citius
356 1525 393 1583 ad
412 1525 489 1583 illud
503 1528 693 1599 venissemus,
712 1546 803 1601 quam
815 1529 849 1585 tu
867 1546 935 1586 oum
954 1529 1009 1587 illo
1025 1529 1178 1588 rediistis

130 1614 166 1671 L.
186 1632 246 1672 non
269 1633 365 1689 aequa
395 1617 459 1673 erat
482 1614 566 1675 vobis
596 1616 748 1675 cumillis
775 1635 883 1693 pugna.
927 1615 960 1675 0.
981 1620 1015 1675 at
1047 1619 1148 1678 saltem

131 1706 195 1761 erat
217 1703 291 1761 bene
314 1705 398 1762 mori.
440 1703 477 1760 L.
500 1723 560 1762 non
583 1708 746 1779 succurret,
775 1705 808 1762 P.
835 1703 875 1778 0,
905 1706 986 1779 quod
1010 1707 1052 1766 ad
1076 1708 1149 1766 diem

130 1791 219 1851 veni?
259 1792 289 1852 0.
308 1793 364 1851 hac
382 1793 477 1870 igitur
494 1794 611 1852 ratione
626 1796 758 1852 moratus
778 1811 821 1851 es:
844 1793 978 1853 nondum
992 1800 1063 1855 erat
1082 1801 1148 1855 tem-

132 1902 195 1958 pus.
233 1883 282 1942 sed
301 1882 406 1940 reddo:
425 1899 531 1956 nonne,
551 1883 576 1940 si
594 1883 675 1940 ultra
693 1884 811 1958 tempus
830 1883 973 1957 stetisses,
994 1885 1044 1944 ira
1064 1888 1147 1946 maris

132 1973 189 2030 tibi
211 1969 392 2048 profuisset?
433 1991 485 2031 cur
515 1971 600 2030 nobis
630 1971 709 2029 infra
738 1975 854 2047 tempus
885 1972 1070 2047 obsequium
1092 1977 1177 2034 eima

132 2061 269 2136 prodesse
284 2078 343 2117 non
357 2058 476 2136 potuit?
517 2062 554 2118 L.
569 2061 648 2118 hunc
661 2061 737 2118 mihi
755 2060 834 2119 diem
847 2059 981 2120 dedistis,
1028 2063 1063 2124 Ο.
1078 2068 1150 2124 certa

131 2153 162 2206 in
190 2150 262 2207 haec
289 2149 393 2206 verba:
421 2151 499 2207 fame
518 2149 702 2222 laboramus,
726 2150 852 2208 salutem
878 2149 1037 2224 publicam
1063 2154 1149 2212 vebis.

132 2239 264 2295 omnium
278 2240 376 2295 tecum
389 2240 535 2314 navigant
549 2239 674 2298 animae.
707 2237 824 2297 festina.
850 2239 909 2297 nisi
919 2238 959 2296 ad
968 2240 1062 2300 illum
1077 2241 1150 2301 diem

131 2327 255 2400 veneris,
278 2326 354 2383 nihil
377 2327 449 2403 agis.
490 2329 525 2384 tu
549 2331 707 2403 exspectas.
750 2345 803 2386 nos
826 2327 966 2402 perimus.
1010 2330 1051 2388 L.
1072 2332 1149 2408 igno·

130 2415 234 2473 rabam
262 2415 375 2473 cladem
426 2416 457 2475 0.
476 2435 535 2474 non
566 2420 663 2492 potes,
694 2436 761 2476 cum
787 2416 866 2474 fame
896 2421 1062 2493 gravatam
1085 2420 1179 2480 civi-rs

130 2506 225 2562 tatem
248 2505 511 2580 praenuntiaveris.
553 2509 587 2564 tu
610 2506 694 2564 illam
717 2507 828 2581 pascis,
849 2523 904 2563 nos
923 2509 1039 2568 nostris
1065 2509 1150 2568 vesci·

131 2613 204 2649 mur.
251 2612 311 2650 non
338 2593 476 2652 habitant
502 2614 562 2652 una
589 2595 685 2671 pudor
719 2597 751 2653 et
779 2595 880 2654 fames.
922 2595 1003 2655 feras
1033 2598 1150 2658 feritate

133 2682 307 2741 excedimus.
349 2682 508 2757 unicuique
531 2702 585 2741 sua
608 2684 707 2761 imago
730 2685 834 2743 sancta
856 2685 910 2742 est.
951 2685 1055 2758 primo
1080 2686 1149 2745 nihil

132 2771 289 2848 derogant,
319 2771 379 2829 nisi
401 2774 496 2830 totam
525 2765 583 2850 [in]
610 2772 808 2848 sepulturam,
838 2771 943 2831 deinde
975 2773 1149 2836 beneficium

48 2868 50 2874 '
132 2862 177 2917 est
200 2862 383 2934 exspectare,
413 2860 482 2918 dum
510 2863 645 2918 moritur.
687 2860 784 2919 adhuc
811 2879 902 2938 negas
931 2864 1179 2938 rempublicam

132 2967 193 3007 csse
217 2948 337 3007 laesam.
363 2951 466 3007 recte.
508 2967 567 3007 non
592 2952 636 3009 est
654 2950 743 3024 laesa,
767 2950 838 3025 quia
852 2950 928 3026 *plus
953 2971 1047 3026 quam
1072 2955 1150 3012 laesa

132 3041 182 3095 est.
226 3057 285 3096 non
309 3040 354 3096 est
371 3037 547 3114 respublica,
571 3040 642 3113 quia
664 3058 724 3097 non
745 3039 806 3098 iam
828 3058 875 3098 res
899 3043 951 3098 est.
995 3042 1033 3099 L.
1055 3042 1150 3101 adhuc

203 3209 378 3275 3potestate
401 3216 446 3261 VB
507 3213 638 3277 trarpes
658 3217 735 3264 RVB
797 3208 946 3262 beolitum
965 3219 994 3263 11
1060 3216 1093 3264 lv
1114 3210 1149 3263 ad

131 3279 218 3332 diem:
239 3279 348 3332 addicit
366 3288 403 3345 P,
423 3278 508 3333 addis
528 3289 558 3346 Vq
582 3297 633 3334 om.
648 3289 676 3334 B
783 3285 816 3334 18
835 3280 972 3334 nondum:
995 3281 1085 3336 fidum
1107 3290 1151 3334 Vt

123 3359 159 3410 23
179 3356 289 3411 tecum:
315 3370 412 3410 rerum
431 3360 508 3408 RVB
578 3351 699 3418 navigas
716 3352 793 3402 diam
809 3361 837 3402 R
902 3350 987 3404 illum
1003 3370 1055 3408 on.
1074 3361 1151 3408 lm

115 3432 274 3504 caperest
295 3439 344 3486 VB
417 3433 453 3484 ‘tt
475 3443 516 3481 aa
528 3418 796 3495 praenavigsvcr'ut
867 3418 1121 3470 astutissimus}

104 3504 272 3565 ferocitate
301 3515 350 3562 VB
