2408 3840
103 185 167 248 398
418 179 608 234 ΕΧΟΕΒΡΓΑ
626 178 807 232 Pnfflsmn.

103 370 156 409 nee
180 354 298 408 amatur
325 350 362 408 eb
385 350 457 410 ulle.
509 350 542 406 P.
565 349 714 407 invidiosa
742 348 838 424 igitur
868 350 922 407 est
972 348 1114 406 aiuniori

103 444 207 514 itaque
237 439 384 498 eonselari
414 458 473 497 non
502 439 609 514 potest.
655 457 709 513 pro
738 455 772 496 eo
803 455 878 496 aevo
907 437 1039 496 eundum
1067 441 1115 496 est

103 531 148 587 M.
172 527 240 586 vide
271 547 360 602 quam
387 547 447 585 nen
478 529 631 586 amaverit
672 545 812 603 praesens
842 545 898 602 pro
926 526 1047 585 absente
1069 546 1116 584 ne-

104 619 200 694 glecta
230 635 304 674 sum.
354 617 489 675 omnibus
520 635 589 674 eum
618 615 771 691 praetulit.
820 616 854 673 P.
883 633 944 673 nen
973 616 1033 674 fuit
1060 634 1115 674 nen

104 725 213 778 amare,
235 724 295 762 non
314 706 470 780 praeferre.
512 724 572 762 non
590 704 622 762 id
644 706 739 781 egerit
762 705 792 762 et
809 707 1000 779 praesentem
1022 707 1052 764 et
1070 705 1116 762 ab·
1137 725 1146 764 1

104 799 218 854 sentem
236 796 345 852 amisit.
378 795 423 851 M.
439 791 532 868 quid?
550 793 630 868 qued
643 812 697 870 ego
711 792 864 870 rogabam,
882 793 935 851 iile
954 791 1117 852 scribebat?

103 885 136 941 P.
165 883 248 940 nulle
277 882 365 940 modo
397 882 492 959 magis
525 882 701 956 exprimitur
733 881 855 941 affectis
889 901 981 958 quam
1009 881 1115 941 littera

104 973 185 1031 visus
209 991 298 1046 quam
326 970 445 1030 auditus
473 970 563 1028 altius
590 970 743 1047 imprimit.
787 973 855 1046 ipsa
882 970 1010 1030 videtur.
1056 974 1117 1047 ipsa

103 1062 255 1137 relegitur.
297 1061 342 1117 M.
365 1060 438 1118 haee
466 1061 565 1118 omnia
592 1062 753 1137 praetereo.
800 1060 838 1118 ed
865 1059 898 1117 id
924 1060 1012 1119 venie
1042 1059 1116 1137 quod

105 1155 200 1208 mater
229 1148 334 1207 relicta
363 1151 415 1206 est.
456 1149 489 1206 P.
514 1147 589 1207 adde
611 1167 665 1224 pro
693 1151 792 1224 patre,
820 1150 850 1207 et
877 1148 956 1206 nibil
978 1149 1146 1210 delictumu

105 1245 158 1297 est.
200 1239 244 1295 M.
269 1236 362 1312 quid?
389 1256 486 1296 nonne
510 1256 564 1315 ego
587 1240 683 1314 magis
707 1235 839 1296 contuli?
867 1257 966 1297 nonne
989 1239 1116 1297 animam

105 1324 193 1384 dedi?
222 1345 329 1385 novem
358 1326 508 1385 mensibus
537 1325 620 1386 fovi?
667 1326 702 1384 P.
732 1328 817 1401 atqui
845 1345 902 1403 ego
931 1328 1035 1405 genui,
1064 1327 1116 1386 tibi

105 1415 246 1474 commisi.
296 1435 394 1475 meum
420 1415 585 1474 reddidisti.
631 1416 676 1474 M.
704 1417 803 1474 noluit
829 1416 904 1474 mihi
931 1416 1034 1476 oeulos
1061 1435 1116 1476 ser·

104 1522 182 1562 vare.
235 1504 269 1561 P.
293 1506 379 1579 etqui
412 1504 509 1563 voluit
542 1504 635 1564 oeulis
669 1505 812 1563 cariorem
840 1503 973 1563 reddere.
1027 1507 1116 1565 Msi

105 1591 234 1650 eundum
253 1595 326 1667 erat,
349 1611 401 1650 eur
418 1613 478 1652 nen
496 1593 578 1669 prius
597 1591 674 1653 ivit?
718 1595 752 1651 P.
772 1595 843 1670 quia
861 1592 1028 1669 detinuisti,
1051 1597 1117 1672 quia
1128 1614 1146 1654 u

104 1681 203 1740 iocum
225 1682 390 1759 ignorabat.
437 1683 481 1740 M.
501 1701 553 1741 eur
574 1682 777 1758 redemptione
797 1702 856 1741 nen
880 1683 951 1760 egit,
975 1686 1011 1742 ut
1034 1683 1115 1742 ambe

105 1768 282 1837 rediissent?
323 1772 356 1829 P.
379 1771 437 1829 tibi
459 1789 579 1830 censum
602 1770 724 1846 dimisit,
748 1791 778 1832 se
800 1774 901 1848 ipsum
923 1775 1034 1848 posuit.
1075 1773 1115 1832 M.

105 1861 201 1937 magis
223 1862 287 1936 ipse
310 1879 364 1936 pre
387 1863 416 1918 te
440 1879 530 1935 quam
552 1880 606 1935 pro
625 1880 672 1918 me
695 1879 799 1937 passus
823 1863 876 1921 est.
916 1861 951 1919 P.
976 1861 1115 1938 quidquid

104 1952 136 2007 in
156 1970 202 2008 me
221 1951 292 2027 egit,
310 1969 364 2025 pro
382 1952 411 2007 te
430 1950 509 2008 feeit.
546 1969 643 2009 nonne
661 1952 757 2008 maius
776 1951 853 2008 meri
875 1969 968 2025 quam
987 1947 1115 2010 eaeeari?

105 2040 150 2096 M.
173 2041 273 2098 vivam
303 2057 362 2097 non
392 2038 574 2113 consolatur,
608 2041 743 2097 mortuus
777 2057 837 2098 non
866 2040 1040 2114 recipietur.
1085 2039 1143 2097 Rs

105 2129 199 2185 stulte
222 2130 267 2186 est
290 2146 360 2185 eura
388 2147 463 2201 quae
491 2146 543 2203 spe
567 2130 655 2186 earet.
701 2146 756 2205 ege
778 2127 884 2186 redimi
907 2129 1060 2202 poteram,
1085 2131 1116 2186 tu

105 2218 205 2273 sanari
227 2234 287 2274 non
308 2218 436 2291 poteras.
478 2217 523 2274 M.
547 2235 700 2275 1111111111
728 2215 919 2291 opprobrium
942 2221 1023 2276 erat:
1049 2218 1116 2276 haee

104 2306 212 2362 misera
234 2324 287 2363 nee
314 2307 458 2364 maritum
479 2305 571 2363 habet
597 2323 651 2363 nee
673 2304 776 2362 filium.
818 2305 851 2363 P.
874 2324 953 2364 nune
977 2307 1040 2365 tale
1064 2309 1116 2365 est:

104 2394 152 2450 hie
175 2397 265 2452 miser
283 2412 336 2452 nee
354 2398 471 2470 patrem
489 2394 579 2452 habet
596 2412 649 2452 nee
667 2396 802 2468 matrem,
825 2394 873 2451 vel
892 2393 917 2452 si
935 2393 1037 2470 habet,
1061 2413 1117 2470 que

104 2480 205 2540 seete?
245 2485 331 2557 pater
353 2485 461 2556 vitam,
484 2484 579 2541 meter
602 2483 701 2540 aufert
727 2483 919 2558 sepulturam.
962 2485 1009 2542 M.
1033 2484 1147 2543 intel-u

105 2570 238 2627 leserunt
256 2572 379 2646 piratae.
421 2571 616 2647 proiecerunt.
652 2572 750 2629 noluit
772 2590 840 2629 eum
857 2571 956 2646 telluS,
976 2592 1036 2631 non
1055 2573 1118 2631 vult

105 2678 172 2716 eum
194 2679 284 2717 mare.
324 2661 357 2718 P.
386 2660 559 2736 sepelissent
586 2664 677 2735 certe,
705 2659 756 2719 sed
783 2661 972 2718 immanitate
1002 2661 1117 2721 sceleris

105 2747 157 2804 diu
184 2747 338 2806 fluctuant.
379 2749 467 2807 tellus
496 2749 633 2824 optabat,
663 2749 714 2808 sed
744 2768 825 2807 mare
852 2749 909 2807 tibi
937 2751 1117 2809 reservabat

106 2837 176 2909 quid
200 2835 336 2894 dicetur?
377 2837 486 2896 obtulit
510 2857 591 2896 mare
614 2840 717 2912 matri,
745 2839 841 2897 mater
862 2838 947 2896 mari.
990 2841 1036 2898 M.
1060 2858 1116 2898 non

105 2943 232 3000 agnosco
250 2924 353 2983 filium.
394 2926 427 2984 P.
446 2928 537 2985 immo
557 2945 615 2986 non
639 2946 693 3005 ego
712 2946 841 2986 uxorem.
883 2928 928 2986 M.
947 2947 1009 2986 non
1033 2926 1152 2987 eredes

104 3033 211 3087 meum,
234 3016 382 3090 quianon
401 3014 493 3074 doleo.
534 3016 567 3073 P.
587 3015 680 3093 erede,
699 3019 730 3074 et
748 3015 869 3077 delebis.
909 3016 935 3075 si
952 3016 1011 3076 boc
1029 3017 1118 3076 habet

105 3104 243 3176 caecitas,
267 3104 301 3159 ut
324 3122 384 3161 111
406 3103 519 3177 deleat,
549 3123 604 3181 ege
632 3123 736 3164 caecus
758 3106 835 3164 fiam.
881 3123 935 3179 an,
963 3107 1116 3181 quianon

104 3192 224 3265 amasti,
251 3210 310 3248 non
340 3191 443 3251 doles?
483 3194 527 3251 M.
550 3195 609 3252 nisi
636 3213 794 3268 amassem,
823 3211 883 3251 non
913 3193 1116 3255 detinuissem.

48 3364 53 3373 ·
173 3341 340 3400 domnibus
359 3342 488 3400 sensibus
508 3353 584 3398 nvn
658 3345 802 3398 tseiebet
822 3353 844 3396 V
917 3351 932 3398 Ἰ
950 3345 1080 3401 litteram
1101 3356 1122 3400 7

92 3418 109 3468 9
126 3416 276 3492 relegetur
295 3427 343 3476 n
436 3424 472 3474 lb
490 3416 617 3471 reddisti
629 3422 679 3468 vn
780 3428 923 3463 reserum
935 3419 1124 3474 moeremus

90 3498 139 3545 VB
227 3501 262 3552 18
287 3494 357 3569 ipsa
387 3502 437 3550 VB
528 3504 621 3560 uuam
643 3486 711 3554 ipse
725 3495 781 3549 pre
795 3494 845 3528 m
865 3485 914 3525 VB
994 3483 1032 3524 xe
1050 3482 1144 3540 11111

81 3574 133 3620 VB
213 3576 251 3627 26
271 3571 343 3628 fato
364 3581 397 3627 R
519 3602 523 3608 ·
