2408 3840
97 164 162 229 378
374 162 566 218 EXOERPTA
583 161 831 218 MONAGENSIA.

94 334 146 391 ubi
176 351 277 392 sensus
306 331 418 391 doloris
443 351 503 392 non
532 331 679 407 inveniat,
708 352 816 408 nempe
840 334 945 392 tamen
968 333 1110 393 cadavera

94 422 165 480 feris
184 421 300 480 obiciet
343 421 518 480 circumdati
535 423 606 480 sunt
624 421 747 496 quidam
764 421 905 497 flammis,
927 424 996 499 ipsa
1013 426 1109 483 tamen

94 529 190 586 poena
207 509 314 569 habuit
332 511 524 586 sepulturam.
566 511 671 570 funem
688 513 792 570 nostra
810 529 871 569 non
891 514 1006 572 caverit
1027 514 1109 591 ignis,

94 602 129 658 ut
160 600 268 658 saltem
300 601 412 658 cineres
443 601 637 658 remanerent.
690 618 751 658 non
781 600 864 659 ferae
897 601 1107 676 laceraverint,

93 708 154 747 non
191 708 260 748 aves
298 690 477 766 attigerunt,
517 687 568 747 sed
605 688 658 764 qui
694 691 875 765 genuerant,
913 691 1138 750 comederunts

93 796 239 837 memores
257 777 401 837 scelerum
417 777 511 853 pudet
528 796 582 838 nos
600 779 709 836 vivere.
751 780 843 854 caput
861 778 902 838 ad
920 779 1039 838 caelum
1055 797 1108 838 non

94 868 236 926 audemus
253 867 362 926 levare.
398 868 542 925 morimur
554 866 664 941 miseri,
683 868 760 926 sicut
774 867 1045 928 antedesideratos
1062 867 1107 927 diu

93 955 174 1015 cibos
207 955 293 1014 avide
319 956 486 1030 haurimus,
518 957 548 1014 et
575 957 719 1014 morimur
741 956 840 1015 adhuc
870 957 1024 1017 frumento
1052 960 1105 1015 tuo.

93 1045 189 1105 credis
202 1044 288 1104 nobis
302 1045 439 1104 attulisse
452 1044 605 1120 pabulum,
624 1047 654 1103 et
668 1045 800 1104 attulisti
812 1064 972 1105 venenum.
1001 1045 1107 1105 cumte

93 1136 236 1208 misimus,
259 1153 277 1192 o
299 1132 408 1211 legate,
431 1153 498 1192 cum
520 1133 651 1192 lacrimis
672 1135 786 1210 pariter
808 1134 1030 1194 clamabamus:
1052 1153 1105 1194 mo·
1117 1154 1138 1193 11

92 1225 201 1297 rimu'r,
227 1222 400 1296 defecimus,
427 1223 538 1281 festina
564 1223 744 1297 misericors,
772 1241 874 1282 omnes
898 1224 1004 1300 excipe
1026 1242 1106 1283 auras

93 1313 132 1385 et,
156 1314 182 1370 si
204 1313 270 1370 tota
293 1311 428 1370 secundis
451 1311 571 1370 flatibus
594 1312 662 1371 vela
684 1311 866 1371 tetenderint
890 1315 991 1388 venti,
1013 1316 1106 1373 tamen

92 1402 181 1458 remis
209 1400 326 1459 adiuva.
372 1401 501 1458 salutem
527 1400 678 1476 publicam
707 1401 803 1475 vehis,
834 1401 981 1476 spiritum
1010 1402 1106 1479 populi

92 1491 138 1547 tui
167 1491 311 1565 reportas.
364 1491 497 1548 omnium
526 1493 661 1549 nostrum
689 1490 722 1548 in
751 1491 811 1549 ista
840 1489 935 1550 classe
967 1494 1106 1570 navigent

92 1580 218 1637 animae.
270 1577 393 1653 festina,
424 1598 485 1637 non
511 1581 573 1638 stet
599 1580 721 1637 interim
747 1578 824 1653 dies,
854 1582 886 1637 et
908 1581 1011 1656 plenis
1039 1580 1136 1640 valiso

92 1684 171 1725 mors
202 1669 294 1728 venit.
340 1668 400 1726 cito
428 1667 500 1726 redi.
546 1687 653 1742 parum
685 1667 789 1727 afferre
822 1687 883 1726 non
911 1671 1008 1745 potes.
1053 1688 1106 1729 non

92 1755 213 1814 delicati
236 1775 352 1831 sumus,
379 1775 439 1815 non
461 1757 596 1815 luxuriae
624 1758 778 1832 quaeritm
806 1756 1033 1830 habundantia,
1061 1757 1105 1818 sed

91 1845 170 1903 unde
200 1845 339 1921 spiritum
368 1847 581 1920 sustineamus,
614 1848 644 1905 et
666 1846 744 1904 unde
771 1848 899 1905 mortem
929 1846 1103 1906 differamus.

91 1936 119 1992 si
147 1935 215 2011 plus
245 1954 318 2011 opus
348 1935 452 2008 fuerit,
481 1935 605 2009 redibis,
640 1935 824 1994 solummodo
854 1935 951 1994 citum
981 1937 1104 1996 reditun

91 2042 238 2102 rogemus.
275 2025 307 2081 in
321 2024 409 2082 litore
423 2026 545 2099 stamus,
559 2024 669 2083 intenti
682 2025 713 2082 te
731 2026 937 2099 exspectantes
956 2029 1102 2099 morimur,
1113 2042 1132 2081 se

90 2114 124 2170 in
147 2132 228 2172 mare
246 2115 357 2172 mortui
380 2113 497 2172 cadunt.
545 2114 681 2189 quotiens
700 2113 762 2173 sole
784 2131 925 2190 percussa
948 2115 1045 2176 nubes
1065 2134 1102 2175 re

91 2203 185 2276 fulsit,
208 2221 315 2262 navem
338 2206 492 2278 putamus,
520 2203 656 2277 quotiens
679 2204 791 2262 fractus
817 2204 909 2261 vento
933 2202 1045 2266 fluctus
1065 2207 1102 2262 in-

91 2293 201 2365 canuit,
225 2292 291 2351 vela
309 2293 553 2367 interpretemur:
576 2293 649 2351 haec
672 2292 750 2350 certe
768 2292 854 2351 navis
873 2295 928 2367 est,
953 2311 1022 2352 ecce
1044 2293 1104 2352 vela

90 2379 276 2455 panduntur,
309 2382 432 2457 propius
470 2380 596 2455 accedit3
625 2398 801 2457 prosperum
834 2383 961 2440 ventum
996 2383 1103 2456 habuit,

90 2468 220 2544 respexit
249 2488 303 2528 nos
330 2470 410 2529 deus.
455 2470 528 2528 haec
551 2469 689 2543 dicimus,
721 2470 753 2528 at
781 2469 836 2528 illa
865 2471 992 2532 interim
1014 2476 1131 2532 trans-a

90 2558 180 2616 volat.
227 2557 313 2617 fletus
331 2559 399 2616 inde
424 2560 454 2617 et
476 2559 652 2634 desperatio,
676 2559 752 2618 nihil
775 2560 855 2617 euim
872 2560 997 2636 gravius
1020 2580 1103 2637 quam

90 2647 251 2704 destitutae
283 2666 349 2722 spes
374 2650 523 2723 torquent.
575 2650 759 2725 interrogare
787 2646 908 2724 quidem
930 2668 993 2708 non
1015 2651 1102 2721 licuit,

90 2754 177 2793 nemo
201 2737 280 2794 enim
304 2737 482 2812 applicabat.
529 2738 636 2796 saltem
659 2739 686 2796 si
708 2737 783 2796 scire
805 2737 948 2812 licuisset,
972 2738 1026 2797 ubi
1047 2740 1101 2796 fru-

89 2827 223 2882 mentum
254 2825 448 2900 vendidisses,
480 2827 539 2902 ipsi
570 2827 753 2902 petissemus.
804 2828 839 2885 tu
870 2827 995 2885 interim
1026 2829 1102 2887 sinus

88 2915 180 2971 maris
200 2913 314 2988 circuis,
338 2915 437 2973 nullus
456 2932 596 2974 amoenus
615 2916 867 2992 praetermittitur
884 2917 1001 2991 portus,
1024 2915 1132 2974 nullan

88 3002 211 3060 celebris
240 3003 346 3062 civitas
373 3005 530 3062 invisitata
557 3006 710 3064 transitur.
757 3005 942 3064 frumentum
971 3008 1101 3065 nostrum

87 3090 205 3163 vendis,
231 3094 322 3149 immo
347 3093 474 3151 salutem
496 3097 630 3152 nostram
653 3093 783 3170 exponis.
835 3094 1021 3154 frumentum
1047 3113 1101 3153 non

87 3180 245 3257 naufragio
268 3181 432 3256 perdimus,
457 3200 517 3240 non
539 3182 710 3256 latrocinio,
739 3184 822 3242 lucro
845 3182 986 3258 perimus.
1032 3188 1100 3243 tem·

87 3273 187 3344 pestes
211 3287 328 3344 quoque
356 3270 489 3345 aliquam
516 3290 624 3330 navam
648 3274 680 3330 in
707 3291 808 3331 mcum
835 3272 1100 3352 litus-impingent

82 3359 115 3417 et
144 3377 180 3418 ex
209 3357 304 3421 classe
331 3377 491 3420 numerosa
517 3379 619 3421 omnes
652 3361 757 3419 duetus
786 3360 980 3422 exhausisset
1026 3363 1131 3439 perite

140 3563 157 3613 6
175 3561 270 3631 putet
292 3568 329 3616 M
410 3563 444 3613 3b
466 3553 587 3610 fruetus
609 3557 637 3602 11
