2408 3840
409 135 644 192 DECLAMATIO
662 135 727 191 XVI
741 141 818 190 3-6.
1053 135 1120 200 295

101 310 263 367 contemno
285 308 424 380 matrem,
447 323 502 383 ego
525 306 655 383 despicio
678 304 829 365 caecitatis
853 303 1009 379 obsequia,
1030 303 1118 364 homo

101 395 160 473 qui
183 395 315 454 omnium
341 395 558 454 calamitatium
584 413 718 454 mearum
746 393 891 452 ambitum
914 394 946 450 iu
973 392 1028 452 hoe
1050 412 1120 453 con-

101 485 228 561 sumpsi,
250 486 285 542 ut
306 482 453 542 redirem?
476 486 528 560 qni
550 483 629 542 inter
650 501 803 560 supremas
821 481 1036 542 sollicitudines
1058 501 1120 541 nou

101 592 159 650 pro
186 593 234 632 me
260 570 386 650 rogavi?
430 572 505 632 mihi
532 573 690 650 quisquam
721 570 941 632 contumacium
972 572 1120 648 supplicia

75 663 276 737 eliberorum,
293 661 368 721 mihi
385 662 537 740 neglectae
554 663 677 738 pietatis
694 662 826 720 minatur
843 658 1008 719 invidiam?
1042 659 1119 720 bone

102 751 251 828 Iuppiter,
279 751 386 826 quanti
412 751 487 810 mihi
513 751 661 826 constitit,
689 770 725 809 ne
752 750 849 808 malus
875 748 955 807 filius
982 748 1118 809 viderer?

101 842 239 916 inputem
269 839 327 899 tibi
357 858 475 899 neeesse
507 842 565 915 est,
600 843 709 914 mater,
744 838 824 914 quod
859 857 958 897 meum
990 838 1119 897 amicum

101 932 227 1006 propter
249 931 279 988 te
301 929 419 1005 reliqui,
443 929 481 988 ad
504 949 592 1006 quem
615 929 729 989 facinus
750 930 796 986 est
813 947 873 986 non
890 928 1008 986 reverti.
1045 947 1117 986 non·

102 1017 185 1092 dum,
207 1017 327 1092 iudices,
350 1020 539 1078 necessitates
562 1035 656 1094 meas,
678 1017 811 1076 nondum
833 1017 922 1076 amici
943 1017 1051 1074 merita
1073 1033 1118 1074 re·

61 1126 89 1167 io
102 1107 183 1182 iero;
204 1107 325 1165 interim
344 1106 498 1181 contendo,
515 1111 587 1166 tune
606 1125 669 1166 esee
687 1109 806 1165 tantum
824 1106 899 1183 legis
916 1105 1004 1164 huius
1023 1123 1118 1179 nsum,

102 1215 173 1256 cum
199 1196 230 1253 in
258 1196 429 1255 calamitate
457 1195 513 1255 soli
540 1198 611 1256 sunt
638 1198 785 1272 parentes.
830 1213 971 1272 magnam
1001 1196 1119 1271 pestem

100 1285 277 1345 mortalium
303 1285 425 1344 fortuna
451 1284 566 1345 dimisit
592 1303 611 1344 a
637 1284 768 1362 legibus,
795 1302 848 1342 nec
875 1283 938 1341 ulla
965 1283 1118 1342 iuratam

101 1375 206 1433 unua
232 1377 315 1448 eunt,
342 1377 378 1432 nt
404 1393 440 1433 ea
466 1374 498 1432 in
526 1373 657 1434 adversis
685 1374 840 1448 patiantur
866 1373 1007 1431 homines
1054 1390 1117 1450 ego,

101 1481 174 1522 cum
195 1481 242 1521 me
265 1463 424 1522 necessitas
442 1463 532 1539 rapit,
554 1463 597 1522 sic
618 1462 714 1522 habeo
732 1463 825 1537 queri,
849 1461 934 1536 quasi
956 1462 1117 1538 relinquar.

63 1570 89 1611 u
102 1554 261 1612 excusatae
292 1554 364 1610 sunt
394 1552 568 1627 parentibus
605 1551 766 1611 liberorum
797 1551 998 1626 calamitates,
1030 1552 1060 1610 et
1091 1550 1117 1611 si

99 1660 194 1717 quem
220 1640 268 1698 lex
294 1641 355 1700 ista
382 1641 607 1716 deprehenderit
633 1642 664 1698 in
692 1641 815 1700 alterius
844 1640 953 1716 fatum,
983 1642 1117 1699 transeat

102 1747 222 1788 necesse
249 1731 295 1788 est
321 1733 477 1805 tamqnam
504 1730 671 1789 orbitatem.
719 1728 790 1805 quid
819 1729 947 1788 enimsi
970 1747 1017 1787 me
1040 1729 1116 1788 deti·

102 1821 192 1878 nente
214 1820 310 1876 matre
333 1819 410 1878 alter
433 1838 448 1877 e
470 1819 564 1878 latere
586 1816 759 1878 revocaret?
787 1820 818 1876 et
840 1817 865 1877 si
890 1817 967 1877 bella
990 1818 1117 1876 militem

102 1909 272 1985 poscerent,
299 1909 325 1966 si
351 1907 484 1985 legatum
510 1909 609 1984 patn'a
636 1908 814 1981 dimitteret,
836 1907 884 1966 vel
912 1909 958 1965 uti
983 1907 1021 1965 ad
1047 1925 1117 1983 pro·

66 1999 202 2074 sepi-iam
224 1996 399 2055 descendam
422 1997 606 2056 necessitatis
628 2015 712 2055 meae
736 1995 998 2072 conplorationem,
1021 1998 1047 2055 si
1069 2014 1116 2055 me

103 2085 279 2144 damnatum
301 2104 397 2162 poena
420 2086 642 2163 eonstingeret,
664 2085 804 2145 videlicet
826 2085 996 2162 effringeres
1020 2102 1116 2143 carce-

102 2194 174 2250 rem,
197 2176 301 2248 mater,
324 2174 448 2234 iniceres
466 2175 597 2234 carnifici
619 2177 790 2233 manumet
813 2172 938 2249 perituri
956 2173 1012 2231 filii
1029 2174 1116 2250 iugu-

102 2264 166 2322 lum
189 2265 367 2322 acetositate
390 2263 463 2322 iuris
486 2262 638 2340 operires?

168 2352 222 2410 Dii
249 2352 391 2429 deaeque!
420 2372 510 2428 quam
536 2354 625 2431 longe
648 2354 694 2412 est
715 2354 762 2411 lex
786 2369 861 2427 quae
888 2353 998 2410 retinet
1019 2350 1152 2411 homi-d

70 2455 172 2501 anem
200 2443 252 2516 qui
282 2460 393 2517 poenae
425 2460 485 2501 non
512 2443 607 2502 venit!
653 2443 762 2516 neseis,
789 2442 934 2516 quantum
965 2440 1116 2518 intellego,

102 2533 209 2604 mater,
237 2534 380 2606 quantam
407 2530 551 2590 invidiam
574 2530 701 2590 debeant
727 2531 823 2589 iacere
846 2529 948 2588 liberis
970 2531 1116 2606 parentes,

103 2638 121 2677 a
147 2619 256 2695 quibus
288 2619 504 2695 relinquuntur.
550 2623 646 2678 mater
673 2638 751 2694 quae
784 2636 814 2677 se
844 2619 941 2678 deseri
973 2619 1117 2694 queritur,

175 2831 190 2877 1
210 2826 348 2878 eontenno
367 2834 394 2879 P
477 2823 706 2878 tcalamitatnm
729 2833 783 2888 rso
860 2830 877 2876 4
896 2823 1072 2878 contumacia
1089 2831 1118 2876 Β

103 2895 344 2951 tmihi2miscd
361 2895 455 2950 datm
534 2895 740 2949 (leonatituiu
820 2895 1068 2962 neomfflutv

102 2969 170 3020 8at
187 2975 208 3018 V
285 2983 368 3035 quem
386 2984 436 3022 om.
456 2977 477 3020 V
564 2971 597 3020 10
615 2966 718 3020 iterum
737 2975 764 3020 P
839 2969 907 3020 tuno
926 2981 998 3020 esse:
1018 2967 1050 3027 tu
1068 2981 1116 3019 ne·

102 3053 180 3093 cesse
197 3046 277 3105 Βνσς
300 3040 332 3091 tn
350 3038 539 3092 necessarium
556 3046 598 3104 Βς
622 3039 682 3091 tum
700 3052 813 3091 necesse
832 3047 869 3104 1³3
890 3039 985 3091 tamen
1003 3052 1116 3091 necesse

101 3119 122 3163 Β
177 3111 289 3163 tantum
307 3123 388 3173 oeae
443 3128 525 3164 usum
543 3109 653 3164 iudicas
672 3125 734 3161 cum
753 3117 785 3162 Β
847 3115 879 3163 11
900 3108 952 3162 soli
971 3125 1021 3164 om.
1035 3117 1064 3161 Β

100 3197 199 3250 parem
217 3189 246 3233 Β
317 3185 349 3234 13
372 3180 490 3235 tristitia
507 3190 536 3234 Β
605 3181 717 3250 ut{ea
735 3181 819 3250 (8-9
837 3179 889 3234 litt.
904 3183 951 3250 er.)
970 3188 1003 3232 s!
1066 3179 1115 3233 he-

100 3251 186 3306 minis
203 3261 257 3305 BV
342 3257 375 3306 14
395 3253 472 3322 capit
489 3261 549 3305 ΒΒ
637 3257 670 3305 16
688 3250 796 3305 factum
813 3260 898 3318 ΒΝ,
917 3267 985 3306 ectr.
998 3272 1032 3319 p,
1053 3250 1116 3304 fatu

99 3324 181 3379 Dese.
254 3323 480 3377 coementem
497 3332 532 3392 Β,
550 3340 579 3376 m
598 3322 681 3377 dete
749 3328 782 3377 18
802 3322 890 3377 altero
908 3322 997 3376 latere
1014 3330 1067 3375 BV

101 3399 134 3448 19
159 3393 289 3448 dimitere
313 3396 341 3448 et
358 3404 398 3461 Β;
422 3394 578 3449 dimitteret
600 3395 629 3447 et
646 3401 679 3446 M
766 3399 800 3447 23
823 3393 940 3463 operiris
961 3410 994 3447 ec
1012 3409 1057 3447 -ue
1075 3402 1115 3459 Β;

99 3517 219 3593 operiris
237 3540 269 3572 m
340 3525 374 3573 25
393 3535 465 3588 pene
484 3540 506 3571 ω
578 3522 612 3571 27
632 3501 675 3590 q}
687 3527 719 3571 Β
777 3481 841 3573 desii
858 3527 884 3572 Β
946 3517 1128 3576 decesisse
