2408 3840
137 161 202 225 348
264 145 271 159 “
432 158 860 215 mrumsmmrunun

137 331 272 406 captavit
294 348 385 404 quam
409 330 562 388 silentium
585 328 664 404 quod
685 330 839 405 praestaro
861 329 927 389 vita
945 348 1007 389 non
1028 333 1148 406 poterat

138 419 274 494 quisquis
297 417 329 475 in
348 418 504 477 tormentis
528 417 682 494 occiditur,
704 417 772 476 ideo
790 420 889 477 tortus
913 421 968 494 est,
986 422 1021 478 ut
1043 419 1148 478 occide·

137 510 229 566 retur.
277 526 315 565 an
338 510 374 566 tu
397 509 601 582 quaestionem
623 506 707 565 illam
732 507 826 566 fuisse
849 506 944 566 credis
969 509 1069 583 qualis
1091 528 1149 568 ver-

137 597 248 655 nilibus
268 596 438 672 corporibus
457 593 637 654 adhibetur?
676 595 743 654 ideo
767 595 847 654 enim
865 597 983 656 eculeos
1001 597 1150 658 movebam

138 685 247 744 artifex
261 704 358 761 senex,
376 685 534 744 tendebam
547 684 683 744 fidiculas
699 685 815 743 ratione
829 684 985 760 saevitiae,
1004 690 1039 746 ut
1051 686 1150 746 leviter
1168 705 1178 744 e

138 775 257 834 sedibus
281 776 343 834 suis
366 776 482 832 remota
510 791 654 851 compago
679 791 733 849 per
760 775 892 851 singulos
917 777 1003 835 artus
1025 775 1150 834 membra

139 866 263 922 laxaret.
306 864 500 938 consumptus
524 865 569 921 est
598 863 722 937 spiritus
744 862 863 922 silentio
887 865 948 939 sui,
980 866 1012 923 et
1033 865 1151 926 verbera

138 954 282 1030 ignesque
306 953 439 1010 animum
461 951 576 1027 pariter
602 970 765 1026 vocemque
789 952 951 1013 cluserunt.
998 953 1151 1014 ridebatur

138 1042 212 1100 mihi
235 1060 368 1116 premere
391 1042 533 1118 gemitus,
560 1044 661 1099 tenere
685 1041 828 1116 suspiria,
854 1044 884 1100 et
907 1042 949 1101 sic
973 1042 1051 1101 nihil
1074 1043 1152 1116 dixit,

86 1133 125 1187 16
138 1134 293 1205 tamquam
315 1132 505 1205 torqueretur
528 1130 565 1188 ab
583 1129 702 1188 homine
725 1133 778 1205 qui
801 1131 897 1190 sciret
942 1132 1064 1191 miraris
1081 1133 1181 1190 henou

139 1222 171 1278 in
193 1220 256 1278 filio
287 1218 518 1292 contumaciam,
547 1219 578 1276 in
608 1219 714 1278 iuvene
744 1216 943 1294 patientiam?
989 1222 1072 1296 patri
1097 1223 1151 1280 tor·

140 1309 243 1383 quenti
265 1328 325 1367 non
347 1310 448 1383 potest
475 1307 564 1366 aliter
585 1307 770 1384 responderi,
793 1327 884 1385 quarn
906 1311 943 1367 ut
970 1310 1049 1368 mori
1070 1309 1152 1368 malit

140 1417 230 1472 quarn
260 1396 402 1456 confiteri.
449 1397 529 1472 quod
560 1396 671 1456 sufficit
698 1397 794 1474 igitur
824 1399 1083 1475 intenuganln'bus
1111 1418 1151 1458 re·

140 1487 283 1562 spondae,
312 1486 434 1545 mulier:
465 1485 567 1545 occidi.
612 1486 744 1562 fallitur,
777 1486 914 1562 quisquis
941 1490 1094 1564 expectat,
1121 1490 1153 1546 ut

140 1576 302 1634 obiciemus
329 1575 383 1632 illa
406 1574 587 1633 communia:
616 1593 670 1651 ego
698 1594 768 1634 vero
796 1576 961 1651 proclamo,
989 1595 1051 1636 non
1074 1578 1182 1636 luxu-u

138 1665 264 1737 riosum,
293 1683 353 1724 non
377 1683 477 1723 amore
506 1663 668 1722 meretricis
694 1664 850 1738 infamem,
879 1664 955 1723 nihil
984 1665 1037 1724 ille
1065 1666 1152 1724 delin-

141 1753 251 1828 quebat
270 1754 418 1829 quomodo
437 1753 524 1811 liberi
543 1754 647 1812 solent.
687 1756 853 1812 monstrum
873 1756 940 1812 erat
956 1754 1153 1814 inenarrabile

140 1842 220 1918 quod
243 1843 352 1901 nollem
376 1842 602 1918 deprehendere,
627 1841 707 1918 quod
729 1843 806 1901 ferre
828 1861 888 1900 non
912 1862 1040 1919 possem.

206 1931 334 1990 Miratur
357 1932 467 2006 aliquis
496 1931 577 2006 quod
602 1950 663 1990 non
690 1930 890 1991 abdicaverim
919 1951 974 1991 nec
1002 1933 1152 1994 notissima

140 2021 255 2080 ultione
279 2023 399 2098 patrum
418 2019 526 2078 fuerim
549 2022 666 2078 tantum
685 2022 833 2095 expulisse
857 2021 1038 2081 contentus?
1078 2026 1182 2093 tunsa

139 2112 260 2183 mulier,
290 2110 437 2183 nefarius,
464 2111 535 2167 tuus
557 2109 742 2167 inconsultus
765 2128 825 2168 non
854 2109 993 2185 permisit
1016 2111 1151 2171 adfectus

139 2200 235 2258 filium
269 2200 317 2257 cui
350 2201 453 2257 contra
490 2198 678 2256 severitatem
713 2217 811 2257 meam
842 2198 1032 2276 ignoscebas,
1070 2219 1151 2276 quen

140 2307 257 2347 mecum
281 2287 377 2347 odisse
400 2306 460 2345 non
482 2288 610 2362 poteras,
634 2290 736 2345 secuta
758 2289 866 2347 fuisses
890 2287 1072 2348 abdicatum.

207 2378 301 2454 Finge
328 2379 466 2435 iuvenem
494 2375 603 2434 dixisse
629 2377 728 2434 nescio
757 2376 842 2452 quid,
870 2395 925 2453 ego
953 2378 1060 2438 audire
1084 2377 1152 2436 nihil

141 2468 236 2542 potui.
282 2485 341 2524 non
361 2465 440 2522 enim
458 2465 616 2538 potestatis
636 2465 763 2524 alicuius
781 2485 862 2524 more
881 2467 1083 2543 consederam,
1104 2480 1178 2526 neca

140 2554 349 2630 torquentibus
365 2554 433 2612 aliis
448 2553 573 2630 agebam
586 2553 714 2613 iudicem
733 2558 858 2631 patrem.
896 2574 951 2633 ego
962 2559 1039 2616 tunc
1053 2558 1152 2616 cuncte

217 2748 348 2809 lquam:
369 2741 444 2809 quod
458 2750 486 2794 P
538 2722 731 2796 reficeretur
748 2752 776 2795 Β
833 2742 949 2797 tuideo
967 2753 997 2797 Β
1055 2744 1153 2800 barti·

141 2813 186 2865 fex
206 2830 255 2866 cru
276 2822 313 2879 P3
333 2811 458 2866 carnifex
476 2811 536 2867 Sca.
628 2818 644 2864 b
662 2813 795 2867 tenebam
812 2824 884 2881 Bao,
903 2814 1008 2870 tenebo
1028 2825 1070 2885 113
1089 2833 1152 2871 corr.

143 2938 191 2991 Gr.
284 2938 362 2991 'lest
380 2949 465 3000 cmc
554 2901 701 3019 veberap
789 2938 985 3009 spariterque
1005 2949 1043 3008 Β,
1061 2957 1153 2995 vocem

140 3079 215 3129 sam.
234 3082 266 3112 m
353 3067 385 3114 10
404 3059 467 3130 quit
486 3069 513 3113 Β
598 3067 629 3113 11
650 3025 749 3115 niibne
767 3071 796 3114 Β
884 3069 916 3116 12
935 3065 1105 3133 respondere
1123 3074 1153 3129 Β,

141 3169 214 3221 -rio
281 3168 375 3222 mallit
394 3177 435 3235 Μς
453 3167 594 3221 mallets
661 3172 693 3221 13
714 3132 757 3233 Qd
776 3168 996 3240 (emaque
1063 3178 1097 3226 16
1115 3172 1154 3225 in·

141 3292 217 3375 famo
232 3302 264 3345 M
333 3298 367 3346 20
386 3291 514 3346 affuerim
534 3314 552 3345 α
571 3291 613 3362 (af
629 3310 664 3347 cr.
680 3294 720 3363 Β)
793 3299 827 3347 24
846 3258 964 3366 di}isses
982 3277 1079 3351 ΗΘεοίο
1097 3306 1124 3350 Β

142 3363 325 3487 nmihlllsapr.
345 3419 386 3487 m)
401 3428 434 3472 Β
485 3423 519 3471 26
539 3416 713 3471 considerem
727 3427 761 3485 Β,
780 3417 817 3471 ab
831 3429 939 3487 sapae
995 3426 1029 3474 26
1048 3422 1155 3492 patrem

135 3543 222 3611 pater
240 3563 258 3596 α
332 3548 366 3599 26
382 3506 484 3600 etiiita
502 3546 528 3614 tr
547 3559 581 3597 ea
598 3544 626 3611 ab
647 3551 686 3610 83
701 3545 761 3596 tam
780 3552 818 3610 Β,
836 3542 881 3598 vel
899 3546 1111 3616 eunom-1
