<?xml version="1.0" encoding="UTF-8"?>
<!DOCTYPE html PUBLIC "-//W3C//DTD XHTML 1.0 Transitional//EN"
    "http://www.w3.org/TR/xhtml1/DTD/xhtml1-transitional.dtd">
<html xmlns="http://www.w3.org/1999/xhtml" xml:lang="en" lang="en">
 <head>
  <title>
</title>
<meta http-equiv="Content-Type" content="text/html;charset=utf-8" />
  <meta name='ocr-system' content='tesseract 3.04.00' />
  <meta name='ocr-capabilities' content='ocr_page ocr_carea ocr_par ocr_line ocrx_word'/>
</head>
<body>
  <div class='ocr_page' id='page_1' title='image "./qvintilianiqvae01quingoog_0188.png"; bbox 0 0 2406 3832; ppageno 0'>
   <div class='ocr_carea' id='block_1_1' title="bbox 367 103 1082 171">
    <p class='ocr_par' dir='ltr' id='par_1_1' title="bbox 367 103 1082 171">
     <span class='ocr_line' id='line_1_1' title="bbox 367 103 1082 171; baseline -0.001 -12"><span class='ocrx_word' id='word_1_1' title='bbox 367 103 601 161; x_wconf 74' lang='lat' dir='ltr'><strong>Dscasrsssro</strong></span> <span class='ocrx_word' id='word_1_2' title='bbox 620 106 684 160; x_wconf 81' lang='lat' dir='ltr'><strong>vul</strong></span> <span class='ocrx_word' id='word_1_3' title='bbox 698 111 775 160; x_wconf 83' lang='lat' dir='ltr'><strong>r-a.</strong></span> <span class='ocrx_word' id='word_1_4' title='bbox 1017 107 1082 171; x_wconf 79' lang='lat'><strong>153</strong></span> 
     </span>
    </p>
   </div>
   <div class='ocr_carea' id='block_1_2' title="bbox 18 274 1124 2760">
    <p class='ocr_par' dir='ltr' id='par_1_2' title="bbox 65 274 1084 620">
     <span class='ocr_line' id='line_1_2' title="bbox 65 274 1083 351; baseline 0.002 -19"><span class='ocrx_word' id='word_1_5' title='bbox 65 275 139 349; x_wconf 81' lang='lat' dir='ltr'><strong>fert,</strong></span> <span class='ocrx_word' id='word_1_6' title='bbox 161 294 200 333; x_wconf 91' lang='lat' dir='ltr'><strong>au</strong></span> <span class='ocrx_word' id='word_1_7' title='bbox 221 295 276 351; x_wconf 90' lang='lat' dir='ltr'><strong>per</strong></span> <span class='ocrx_word' id='word_1_8' title='bbox 297 274 352 335; x_wconf 91' lang='lat' dir='ltr'><strong>hoc</strong></span> <span class='ocrx_word' id='word_1_9' title='bbox 375 275 499 336; x_wconf 87' lang='lat' dir='ltr'><strong>alterius</strong></span> <span class='ocrx_word' id='word_1_10' title='bbox 521 275 577 334; x_wconf 88' lang='lat' dir='ltr'><strong>filii</strong></span> <span class='ocrx_word' id='word_1_11' title='bbox 600 277 701 334; x_wconf 89' lang='lat' dir='ltr'><strong>anima</strong></span> <span class='ocrx_word' id='word_1_12' title='bbox 718 274 902 333; x_wconf 75' lang='lat' dir='ltr'>redimatur?</span> <span class='ocrx_word' id='word_1_13' title='bbox 940 278 965 336; x_wconf 92' lang='lat' dir='ltr'><strong>si</strong></span> <span class='ocrx_word' id='word_1_14' title='bbox 987 277 1083 351; x_wconf 88' lang='lat' dir='ltr'><strong>parri-</strong></span> 
     </span>
     <span class='ocr_line' id='line_1_3' title="bbox 67 363 1083 441; baseline 0 -18"><span class='ocrx_word' id='word_1_15' title='bbox 67 364 182 423; x_wconf 90' lang='lat' dir='ltr'><strong>cidium</strong></span> <span class='ocrx_word' id='word_1_16' title='bbox 203 365 251 423; x_wconf 88' lang='lat' dir='ltr'><strong>fas</strong></span> <span class='ocrx_word' id='word_1_17' title='bbox 273 366 319 423; x_wconf 90' lang='lat' dir='ltr'><strong>est</strong></span> <span class='ocrx_word' id='word_1_18' title='bbox 340 365 419 424; x_wconf 87' lang='lat' dir='ltr'><strong>ullas</strong></span> <span class='ocrx_word' id='word_1_19' title='bbox 438 366 571 440; x_wconf 87' lang='lat' dir='ltr'><strong>accipere</strong></span> <span class='ocrx_word' id='word_1_20' title='bbox 589 383 702 439; x_wconf 85' lang='lat' dir='ltr'><strong>causas,</strong></span> <span class='ocrx_word' id='word_1_21' title='bbox 724 363 803 424; x_wconf 88' lang='lat' dir='ltr'><strong>filius</strong></span> <span class='ocrx_word' id='word_1_22' title='bbox 827 367 950 441; x_wconf 90' lang='lat' dir='ltr'><strong>propter</strong></span> <span class='ocrx_word' id='word_1_23' title='bbox 968 385 999 425; x_wconf 92' lang='lat' dir='ltr'><strong>se</strong></span> <span class='ocrx_word' id='word_1_24' title='bbox 1017 368 1083 424; x_wconf 90' lang='lat' dir='ltr'><strong>tan-</strong></span> 
     </span>
     <span class='ocr_line' id='line_1_4' title="bbox 67 452 372 512; baseline -0.007 0"><span class='ocrx_word' id='word_1_25' title='bbox 67 455 137 512; x_wconf 90' lang='lat' dir='ltr'><strong>tum</strong></span> <span class='ocrx_word' id='word_1_26' title='bbox 158 453 247 512; x_wconf 88' lang='lat' dir='ltr'><strong>debet</strong></span> <span class='ocrx_word' id='word_1_27' title='bbox 270 452 372 512; x_wconf 88' lang='lat' dir='ltr'><strong>occidi.</strong></span> 
     </span>
     <span class='ocr_line' id='line_1_5' title="bbox 136 541 1084 620; baseline 0.001 -20"><span class='ocrx_word' id='word_1_28' title='bbox 136 541 265 615; x_wconf 77' lang='lat' dir='ltr'>Adicite,</span> <span class='ocrx_word' id='word_1_29' title='bbox 278 541 400 616; x_wconf 89' lang='lat' dir='ltr'><strong>iudices,</strong></span> <span class='ocrx_word' id='word_1_30' title='bbox 413 544 597 602; x_wconf 78' lang='lat' dir='ltr'><strong>immanitati</strong></span> <span class='ocrx_word' id='word_1_31' title='bbox 611 543 690 619; x_wconf 90' lang='lat' dir='ltr'><strong>quod</strong></span> <span class='ocrx_word' id='word_1_32' title='bbox 706 543 815 602; x_wconf 89' lang='lat' dir='ltr'><strong>occidit</strong></span> <span class='ocrx_word' id='word_1_33' title='bbox 828 561 958 620; x_wconf 85' lang='lat' dir='ltr'><strong>aegrum.</strong></span> <span class='ocrx_word' id='word_1_34' title='bbox 989 545 1084 602; x_wconf 91' lang='lat' dir='ltr'><strong>omni·</strong></span> 
     </span>
    </p>

    <p class='ocr_par' dir='ltr' id='par_1_3' title="bbox 35 630 1086 1065">
     <span class='ocr_line' id='line_1_6' title="bbox 35 630 1084 709; baseline 0 -18"><span class='ocrx_word' id='word_1_35' title='bbox 35 631 123 692; x_wconf 82' lang='lat' dir='ltr'><strong>sbus</strong></span> <span class='ocrx_word' id='word_1_36' title='bbox 148 630 286 706; x_wconf 81' lang='lat' dir='ltr'><strong>equidem</strong></span> <span class='ocrx_word' id='word_1_37' title='bbox 313 631 490 691; x_wconf 82' lang='lat' dir='ltr'><strong>mortalibus</strong></span> <span class='ocrx_word' id='word_1_38' title='bbox 512 633 657 691; x_wconf 90' lang='lat' dir='ltr'><strong>maiorem</strong></span> <span class='ocrx_word' id='word_1_39' title='bbox 679 632 855 691; x_wconf 79' lang='lat' dir='ltr'><strong>crediderim</strong></span> <span class='ocrx_word' id='word_1_40' title='bbox 878 632 913 690; x_wconf 92' lang='lat' dir='ltr'><strong>de</strong></span> <span class='ocrx_word' id='word_1_41' title='bbox 940 633 1084 709; x_wconf 90' lang='lat' dir='ltr'><strong>languore</strong></span> 
     </span>
     <span class='ocr_line' id='line_1_7' title="bbox 66 721 1084 797; baseline 0.001 -19"><span class='ocrx_word' id='word_1_42' title='bbox 66 721 171 779; x_wconf 77' lang='lat' dir='ltr'><strong>uenire</strong></span> <span class='ocrx_word' id='word_1_43' title='bbox 189 722 396 795; x_wconf 85' lang='lat' dir='ltr'><strong>reverentiam,</strong></span> <span class='ocrx_word' id='word_1_44' title='bbox 420 723 450 780; x_wconf 94' lang='lat' dir='ltr'><strong>et</strong></span> <span class='ocrx_word' id='word_1_45' title='bbox 467 722 589 779; x_wconf 86' lang='lat' dir='ltr'><strong>illoram</strong></span> <span class='ocrx_word' id='word_1_46' title='bbox 607 740 724 797; x_wconf 90' lang='lat' dir='ltr'><strong>quoque</strong></span> <span class='ocrx_word' id='word_1_47' title='bbox 744 739 817 796; x_wconf 91' lang='lat' dir='ltr'><strong>quos</strong></span> <span class='ocrx_word' id='word_1_48' title='bbox 839 722 919 780; x_wconf 91' lang='lat' dir='ltr'><strong>inter</strong></span> <span class='ocrx_word' id='word_1_49' title='bbox 936 722 1084 796; x_wconf 88' lang='lat' dir='ltr'><strong>supplicia</strong></span> 
     </span>
     <span class='ocr_line' id='line_1_8' title="bbox 65 809 1086 886; baseline 0 -18"><span class='ocrx_word' id='word_1_50' title='bbox 65 811 223 886; x_wconf 86' lang='lat' dir='ltr'><strong>pereuntis</strong></span> <span class='ocrx_word' id='word_1_51' title='bbox 247 810 334 868; x_wconf 80' lang='lat' dir='ltr'><strong>avido</strong></span> <span class='ocrx_word' id='word_1_52' title='bbox 358 812 526 886; x_wconf 88' lang='lat' dir='ltr'><strong>spectamus</strong></span> <span class='ocrx_word' id='word_1_53' title='bbox 554 810 694 885; x_wconf 86' lang='lat' dir='ltr'><strong>adsensu,</strong></span> <span class='ocrx_word' id='word_1_54' title='bbox 721 813 806 870; x_wconf 81' lang='lat' dir='ltr'><strong>iuxta</strong></span> <span class='ocrx_word' id='word_1_55' title='bbox 828 809 1014 869; x_wconf 74' lang='lat' dir='ltr'><strong>valetudines</strong></span> <span class='ocrx_word' id='word_1_56' title='bbox 1038 813 1086 868; x_wconf 91' lang='lat' dir='ltr'><strong>ta-</strong></span> 
     </span>
     <span class='ocr_line' id='line_1_9' title="bbox 65 899 1084 976; baseline -0.002 -18"><span class='ocrx_word' id='word_1_57' title='bbox 65 918 138 958; x_wconf 87' lang='lat' dir='ltr'><strong>men</strong></span> <span class='ocrx_word' id='word_1_58' title='bbox 165 899 393 975; x_wconf 89' lang='lat' dir='ltr'><strong>morborumque</strong></span> <span class='ocrx_word' id='word_1_59' title='bbox 416 899 591 958; x_wconf 81' lang='lat' dir='ltr'><strong>violentiam</strong></span> <span class='ocrx_word' id='word_1_60' title='bbox 615 900 744 976; x_wconf 89' lang='lat' dir='ltr'><strong>quodam</strong></span> <span class='ocrx_word' id='word_1_61' title='bbox 770 901 958 959; x_wconf 77' lang='lat' dir='ltr'><strong>innocentiae</strong></span> <span class='ocrx_word' id='word_1_62' title='bbox 981 900 1084 957; x_wconf 85' lang='lat' dir='ltr'><strong>favore</strong></span> 
     </span>
     <span class='ocr_line' id='line_1_10' title="bbox 66 989 1086 1065; baseline -0.001 -18"><span class='ocrx_word' id='word_1_63' title='bbox 66 989 253 1048; x_wconf 82' lang='lat' dir='ltr'><strong>miseremur.</strong></span> <span class='ocrx_word' id='word_1_64' title='bbox 289 989 322 1045; x_wconf 89' lang='lat' dir='ltr'><strong>in</strong></span> <span class='ocrx_word' id='word_1_65' title='bbox 340 989 506 1048; x_wconf 88' lang='lat' dir='ltr'><strong>carceribus</strong></span> <span class='ocrx_word' id='word_1_66' title='bbox 525 991 555 1047; x_wconf 92' lang='lat' dir='ltr'><strong>et</strong></span> <span class='ocrx_word' id='word_1_67' title='bbox 576 990 609 1046; x_wconf 90' lang='lat' dir='ltr'><strong>in</strong></span> <span class='ocrx_word' id='word_1_68' title='bbox 626 989 681 1047; x_wconf 88' lang='lat' dir='ltr'><strong>illa</strong></span> <span class='ocrx_word' id='word_1_69' title='bbox 699 989 848 1065; x_wconf 89' lang='lat' dir='ltr'><strong>profunda</strong></span> <span class='ocrx_word' id='word_1_70' title='bbox 866 991 953 1048; x_wconf 91' lang='lat' dir='ltr'><strong>nocte</strong></span> <span class='ocrx_word' id='word_1_71' title='bbox 975 1006 1086 1064; x_wconf 90' lang='lat' dir='ltr'><strong>poena·</strong></span> 
     </span>
    </p>

    <p class='ocr_par' dir='ltr' id='par_1_4' title="bbox 23 1077 1087 1511">
     <span class='ocr_line' id='line_1_11' title="bbox 23 1077 1086 1155; baseline -0.002 -18"><span class='ocrx_word' id='word_1_72' title='bbox 23 1097 53 1137; x_wconf 80' lang='lat' dir='ltr'><strong>aa</strong></span> <span class='ocrx_word' id='word_1_73' title='bbox 65 1096 139 1136; x_wconf 88' lang='lat' dir='ltr'><strong>rum</strong></span> <span class='ocrx_word' id='word_1_74' title='bbox 160 1077 329 1154; x_wconf 80' lang='lat' dir='ltr'><strong>religiosius</strong></span> <span class='ocrx_word' id='word_1_75' title='bbox 356 1078 408 1137; x_wconf 92' lang='lat' dir='ltr'><strong>ille</strong></span> <span class='ocrx_word' id='word_1_76' title='bbox 431 1077 531 1136; x_wconf 89' lang='lat' dir='ltr'><strong>anheli</strong></span> <span class='ocrx_word' id='word_1_77' title='bbox 553 1080 683 1154; x_wconf 89' lang='lat' dir='ltr'><strong>pectoris</strong></span> <span class='ocrx_word' id='word_1_78' title='bbox 710 1078 808 1155; x_wconf 90' lang='lat' dir='ltr'><strong>pallor</strong></span> <span class='ocrx_word' id='word_1_79' title='bbox 831 1079 998 1154; x_wconf 85' lang='lat' dir='ltr'><strong>inspicitur,</strong></span> <span class='ocrx_word' id='word_1_80' title='bbox 1024 1096 1086 1136; x_wconf 89' lang='lat' dir='ltr'><strong>non</strong></span> 
     </span>
     <span class='ocr_line' id='line_1_12' title="bbox 68 1166 1087 1244; baseline -0.001 -18"><span class='ocrx_word' id='word_1_81' title='bbox 68 1166 114 1226; x_wconf 87' lang='lat' dir='ltr'><strong>sic</strong></span> <span class='ocrx_word' id='word_1_82' title='bbox 137 1166 323 1225; x_wconf 82' lang='lat' dir='ltr'><strong>confimdunt</strong></span> <span class='ocrx_word' id='word_1_83' title='bbox 345 1167 448 1226; x_wconf 83' lang='lat' dir='ltr'><strong>obvios</strong></span> <span class='ocrx_word' id='word_1_84' title='bbox 473 1167 614 1244; x_wconf 82' lang='lat' dir='ltr'><strong>gravibus</strong></span> <span class='ocrx_word' id='word_1_85' title='bbox 638 1169 750 1227; x_wconf 89' lang='lat' dir='ltr'><strong>eatenis</strong></span> <span class='ocrx_word' id='word_1_86' title='bbox 774 1168 850 1226; x_wconf 88' lang='lat' dir='ltr'><strong>colla</strong></span> <span class='ocrx_word' id='word_1_87' title='bbox 873 1166 1031 1227; x_wconf 87' lang='lat' dir='ltr'><strong>stridentia</strong></span> <span class='ocrx_word' id='word_1_88' title='bbox 1055 1169 1087 1225; x_wconf 92' lang='lat' dir='ltr'><strong>et</strong></span> 
     </span>
     <span class='ocr_line' id='line_1_13' title="bbox 67 1254 1086 1333; baseline 0.001 -19"><span class='ocrx_word' id='word_1_89' title='bbox 67 1254 188 1314; x_wconf 89' lang='lat' dir='ltr'><strong>diutino</strong></span> <span class='ocrx_word' id='word_1_90' title='bbox 212 1256 349 1331; x_wconf 88' lang='lat' dir='ltr'><strong>squalore</strong></span> <span class='ocrx_word' id='word_1_91' title='bbox 372 1258 510 1316; x_wconf 90' lang='lat' dir='ltr'><strong>concreta</strong></span> <span class='ocrx_word' id='word_1_92' title='bbox 532 1257 623 1316; x_wconf 83' lang='lat' dir='ltr'><strong>facies</strong></span> <span class='ocrx_word' id='word_1_93' title='bbox 646 1258 681 1314; x_wconf 91' lang='lat' dir='ltr'><strong>ut</strong></span> <span class='ocrx_word' id='word_1_94' title='bbox 705 1256 757 1315; x_wconf 89' lang='lat' dir='ltr'><strong>ille</strong></span> <span class='ocrx_word' id='word_1_95' title='bbox 781 1276 869 1331; x_wconf 89' lang='lat' dir='ltr'><strong>quem</strong></span> <span class='ocrx_word' id='word_1_96' title='bbox 892 1257 931 1314; x_wconf 92' lang='lat' dir='ltr'><strong>ad</strong></span> <span class='ocrx_word' id='word_1_97' title='bbox 953 1256 1086 1333; x_wconf 82' lang='lat' dir='ltr'><strong>singulos</strong></span> 
     </span>
     <span class='ocr_line' id='line_1_14' title="bbox 67 1346 1086 1424; baseline -0.001 -20"><span class='ocrx_word' id='word_1_98' title='bbox 67 1346 196 1404; x_wconf 86' lang='lat' dir='ltr'><strong>conatus</strong></span> <span class='ocrx_word' id='word_1_99' title='bbox 219 1362 394 1423; x_wconf 84' lang='lat' dir='ltr'><strong>gressusque</strong></span> <span class='ocrx_word' id='word_1_100' title='bbox 417 1346 567 1405; x_wconf 90' lang='lat' dir='ltr'><strong>labentem</strong></span> <span class='ocrx_word' id='word_1_101' title='bbox 585 1347 635 1404; x_wconf 88' lang='lat' dir='ltr'><strong>vix</strong></span> <span class='ocrx_word' id='word_1_102' title='bbox 653 1346 748 1404; x_wconf 86' lang='lat' dir='ltr'><strong>trahit</strong></span> <span class='ocrx_word' id='word_1_103' title='bbox 768 1347 955 1421; x_wconf 90' lang='lat' dir='ltr'><strong>impellitque</strong></span> <span class='ocrx_word' id='word_1_104' title='bbox 978 1347 1086 1424; x_wconf 88' lang='lat' dir='ltr'><strong>longus</strong></span> 
     </span>
     <span class='ocr_line' id='line_1_15' title="bbox 67 1433 1085 1511; baseline -0.001 -17"><span class='ocrx_word' id='word_1_105' title='bbox 67 1433 145 1494; x_wconf 86' lang='lat' dir='ltr'><strong>ordo</strong></span> <span class='ocrx_word' id='word_1_106' title='bbox 167 1434 349 1509; x_wconf 78' lang='lat' dir='ltr'><strong>vinctorum,</strong></span> <span class='ocrx_word' id='word_1_107' title='bbox 377 1437 407 1492; x_wconf 94' lang='lat' dir='ltr'><strong>et</strong></span> <span class='ocrx_word' id='word_1_108' title='bbox 434 1436 513 1493; x_wconf 89' lang='lat' dir='ltr'><strong>inter</strong></span> <span class='ocrx_word' id='word_1_109' title='bbox 539 1437 587 1494; x_wconf 89' lang='lat' dir='ltr'><strong>tot</strong></span> <span class='ocrx_word' id='word_1_110' title='bbox 614 1434 778 1494; x_wconf 90' lang='lat' dir='ltr'><strong>destinatos</strong></span> <span class='ocrx_word' id='word_1_111' title='bbox 805 1436 909 1510; x_wconf 89' lang='lat' dir='ltr'><strong>totque</strong></span> <span class='ocrx_word' id='word_1_112' title='bbox 937 1437 1085 1511; x_wconf 88' lang='lat' dir='ltr'><strong>perituros</strong></span> 
     </span>
    </p>

    <p class='ocr_par' dir='ltr' id='par_1_5' title="bbox 20 1523 1124 1938">
     <span class='ocr_line' id='line_1_16' title="bbox 20 1523 1124 1601; baseline -0.002 -18"><span class='ocrx_word' id='word_1_113' title='bbox 20 1539 54 1583; x_wconf 77' lang='lat' dir='ltr'><strong>rs</strong></span> <span class='ocrx_word' id='word_1_114' title='bbox 67 1523 206 1582; x_wconf 90' lang='lat' dir='ltr'><strong>omnium</strong></span> <span class='ocrx_word' id='word_1_115' title='bbox 232 1524 334 1582; x_wconf 87' lang='lat' dir='ltr'><strong>tamen</strong></span> <span class='ocrx_word' id='word_1_116' title='bbox 359 1525 391 1581; x_wconf 92' lang='lat' dir='ltr'><strong>in</strong></span> <span class='ocrx_word' id='word_1_117' title='bbox 414 1542 444 1583; x_wconf 89' lang='lat' dir='ltr'><strong>se</strong></span> <span class='ocrx_word' id='word_1_118' title='bbox 467 1526 621 1600; x_wconf 89' lang='lat' dir='ltr'><strong>retorquet</strong></span> <span class='ocrx_word' id='word_1_119' title='bbox 643 1525 744 1584; x_wconf 89' lang='lat' dir='ltr'><strong>oculos</strong></span> <span class='ocrx_word' id='word_1_120' title='bbox 766 1543 842 1583; x_wconf 91' lang='lat' dir='ltr'><strong>unus</strong></span> <span class='ocrx_word' id='word_1_121' title='bbox 871 1544 966 1601; x_wconf 81' lang='lat' dir='ltr'><strong>aeger.</strong></span> <span class='ocrx_word' id='word_1_122' title='bbox 1013 1523 1124 1599; x_wconf 81' lang='lat' dir='ltr'><strong>quida</strong></span> 
     </span>
     <span class='ocr_line' id='line_1_17' title="bbox 67 1608 1087 1691; baseline -0.002 -19"><span class='ocrx_word' id='word_1_123' title='bbox 67 1608 138 1672; x_wconf 79' lang='lat' dir='ltr'><strong>ais?</strong></span> <span class='ocrx_word' id='word_1_124' title='bbox 161 1613 196 1670; x_wconf 89' lang='lat' dir='ltr'><strong>tu</strong></span> <span class='ocrx_word' id='word_1_125' title='bbox 213 1611 301 1669; x_wconf 92' lang='lat' dir='ltr'><strong>illum</strong></span> <span class='ocrx_word' id='word_1_126' title='bbox 318 1632 406 1689; x_wconf 93' lang='lat' dir='ltr'><strong>quem</strong></span> <span class='ocrx_word' id='word_1_127' title='bbox 424 1631 502 1671; x_wconf 89' lang='lat' dir='ltr'><strong>nunc</strong></span> <span class='ocrx_word' id='word_1_128' title='bbox 520 1613 604 1673; x_wconf 86' lang='lat' dir='ltr'><strong>nefas</strong></span> <span class='ocrx_word' id='word_1_129' title='bbox 623 1617 669 1673; x_wconf 90' lang='lat' dir='ltr'><strong>est</strong></span> <span class='ocrx_word' id='word_1_130' title='bbox 687 1615 844 1691; x_wconf 88' lang='lat' dir='ltr'><strong>castigare,</strong></span> <span class='ocrx_word' id='word_1_131' title='bbox 864 1613 1087 1689; x_wconf 89' lang='lat' dir='ltr'><strong>reprehendere,</strong></span> 
     </span>
     <span class='ocr_line' id='line_1_18' title="bbox 68 1700 1088 1778; baseline 0.001 -18"><span class='ocrx_word' id='word_1_132' title='bbox 68 1701 158 1760; x_wconf 86' lang='lat' dir='ltr'><strong>auius</strong></span> <span class='ocrx_word' id='word_1_133' title='bbox 181 1700 302 1760; x_wconf 84' lang='lat' dir='ltr'><strong>auribus</strong></span> <span class='ocrx_word' id='word_1_134' title='bbox 328 1720 450 1777; x_wconf 87' lang='lat' dir='ltr'><strong>parcere</strong></span> <span class='ocrx_word' id='word_1_135' title='bbox 473 1702 639 1761; x_wconf 86' lang='lat' dir='ltr'><strong>debuerunt</strong></span> <span class='ocrx_word' id='word_1_136' title='bbox 661 1705 797 1763; x_wconf 82' lang='lat' dir='ltr'><strong>saeviora</strong></span> <span class='ocrx_word' id='word_1_137' title='bbox 820 1703 924 1777; x_wconf 84' lang='lat' dir='ltr'><strong>verba,</strong></span> <span class='ocrx_word' id='word_1_138' title='bbox 950 1721 1038 1778; x_wconf 92' lang='lat' dir='ltr'><strong>quem</strong></span> <span class='ocrx_word' id='word_1_139' title='bbox 1061 1702 1088 1761; x_wconf 90' lang='lat' dir='ltr'><strong>si</strong></span> 
     </span>
     <span class='ocr_line' id='line_1_19' title="bbox 70 1789 1087 1869; baseline 0.003 -22"><span class='ocrx_word' id='word_1_140' title='bbox 70 1789 147 1866; x_wconf 91' lang='lat' dir='ltr'><strong>quid</strong></span> <span class='ocrx_word' id='word_1_141' title='bbox 169 1808 306 1868; x_wconf 81' lang='lat' dir='ltr'><strong>negares,</strong></span> <span class='ocrx_word' id='word_1_142' title='bbox 329 1790 470 1850; x_wconf 86' lang='lat' dir='ltr'><strong>videreris</strong></span> <span class='ocrx_word' id='word_1_143' title='bbox 494 1791 639 1867; x_wconf 90' lang='lat' dir='ltr'><strong>occidere,</strong></span> <span class='ocrx_word' id='word_1_144' title='bbox 667 1792 759 1867; x_wconf 86' lang='lat' dir='ltr'><strong>ferro,</strong></span> <span class='ocrx_word' id='word_1_145' title='bbox 782 1791 954 1851; x_wconf 81' lang='lat' dir='ltr'><strong>uulneribus</strong></span> <span class='ocrx_word' id='word_1_146' title='bbox 982 1810 1087 1869; x_wconf 86' lang='lat' dir='ltr'><strong>aggre-</strong></span> 
     </span>
     <span class='ocr_line' id='line_1_20' title="bbox 70 1876 173 1938; baseline -0.029 0"><span class='ocrx_word' id='word_1_147' title='bbox 70 1876 173 1938; x_wconf 81' lang='lat' dir='ltr'><strong>deris?</strong></span> 
     </span>
    </p>

    <p class='ocr_par' dir='ltr' id='par_1_6' title="bbox 18 1967 1088 2402">
     <span class='ocr_line' id='line_1_21' title="bbox 18 1967 1086 2045; baseline 0.001 -19"><span class='ocrx_word' id='word_1_148' title='bbox 18 1983 57 2026; x_wconf 70' lang='lat' dir='ltr'><strong>no</strong></span> <span class='ocrx_word' id='word_1_149' title='bbox 140 1967 209 2026; x_wconf 86' lang='lat' dir='ltr'><strong>Non</strong></span> <span class='ocrx_word' id='word_1_150' title='bbox 231 1970 331 2043; x_wconf 86' lang='lat' dir='ltr'><strong>potest</strong></span> <span class='ocrx_word' id='word_1_151' title='bbox 357 1969 426 2028; x_wconf 90' lang='lat' dir='ltr'><strong>hinc</strong></span> <span class='ocrx_word' id='word_1_152' title='bbox 453 1969 511 2028; x_wconf 85' lang='lat' dir='ltr'><strong>tibi</strong></span> <span class='ocrx_word' id='word_1_153' title='bbox 533 1973 634 2029; x_wconf 85' lang='lat' dir='ltr'><strong>venire</strong></span> <span class='ocrx_word' id='word_1_154' title='bbox 657 1970 802 2045; x_wconf 88' lang='lat' dir='ltr'><strong>defensi0,</strong></span> <span class='ocrx_word' id='word_1_155' title='bbox 830 1972 865 2028; x_wconf 90' lang='lat' dir='ltr'><strong>ut</strong></span> <span class='ocrx_word' id='word_1_156' title='bbox 886 1971 942 2028; x_wconf 93' lang='lat' dir='ltr'><strong>hoc</strong></span> <span class='ocrx_word' id='word_1_157' title='bbox 965 1971 1005 2028; x_wconf 89' lang='lat' dir='ltr'><strong>sis</strong></span> <span class='ocrx_word' id='word_1_158' title='bbox 1031 1988 1086 2045; x_wconf 92' lang='lat' dir='ltr'><strong>pro</strong></span> 
     </span>
     <span class='ocr_line' id='line_1_22' title="bbox 71 2057 1087 2135; baseline -0.002 -19"><span class='ocrx_word' id='word_1_159' title='bbox 71 2057 198 2116; x_wconf 88' lang='lat' dir='ltr'><strong>alterius</strong></span> <span class='ocrx_word' id='word_1_160' title='bbox 222 2057 316 2116; x_wconf 89' lang='lat' dir='ltr'><strong>salute</strong></span> <span class='ocrx_word' id='word_1_161' title='bbox 339 2060 531 2118; x_wconf 86' lang='lat' dir='ltr'><strong>commentus.</strong></span> <span class='ocrx_word' id='word_1_162' title='bbox 567 2061 646 2118; x_wconf 85' lang='lat' dir='ltr'><strong>inter</strong></span> <span class='ocrx_word' id='word_1_163' title='bbox 669 2060 741 2119; x_wconf 90' lang='lat' dir='ltr'><strong>duos</strong></span> <span class='ocrx_word' id='word_1_164' title='bbox 764 2060 873 2118; x_wconf 89' lang='lat' dir='ltr'><strong>liberos</strong></span> <span class='ocrx_word' id='word_1_165' title='bbox 896 2058 963 2135; x_wconf 88' lang='lat' dir='ltr'><strong>pari</strong></span> <span class='ocrx_word' id='word_1_166' title='bbox 986 2057 1087 2133; x_wconf 90' lang='lat' dir='ltr'><strong>despe-</strong></span> 
     </span>
     <span class='ocr_line' id='line_1_23' title="bbox 70 2146 1087 2224; baseline -0.001 -20"><span class='ocrx_word' id='word_1_167' title='bbox 70 2147 191 2205; x_wconf 89' lang='lat' dir='ltr'><strong>ratione</strong></span> <span class='ocrx_word' id='word_1_168' title='bbox 209 2146 392 2224; x_wconf 85' lang='lat' dir='ltr'><strong>languentes,</strong></span> <span class='ocrx_word' id='word_1_169' title='bbox 416 2147 455 2206; x_wconf 90' lang='lat' dir='ltr'><strong>da</strong></span> <span class='ocrx_word' id='word_1_170' title='bbox 472 2146 583 2206; x_wconf 91' lang='lat' dir='ltr'><strong>bonum</strong></span> <span class='ocrx_word' id='word_1_171' title='bbox 600 2151 726 2224; x_wconf 85' lang='lat' dir='ltr'><strong>patrem,</strong></span> <span class='ocrx_word' id='word_1_172' title='bbox 749 2168 809 2207; x_wconf 89' lang='lat' dir='ltr'><strong>uon</strong></span> <span class='ocrx_word' id='word_1_173' title='bbox 828 2146 1087 2223; x_wconf 88' lang='lat' dir='ltr'><strong>praeponderabit.</strong></span> 
     </span>
     <span class='ocr_line' id='line_1_24' title="bbox 72 2235 1088 2315; baseline -0.001 -21"><span class='ocrx_word' id='word_1_174' title='bbox 72 2235 254 2295; x_wconf 84' lang='lat' dir='ltr'><strong>alterutrum</strong></span> <span class='ocrx_word' id='word_1_175' title='bbox 276 2255 336 2294; x_wconf 90' lang='lat' dir='ltr'><strong>non</strong></span> <span class='ocrx_word' id='word_1_176' title='bbox 359 2238 463 2315; x_wconf 84' lang='lat' dir='ltr'><strong>eliget,</strong></span> <span class='ocrx_word' id='word_1_177' title='bbox 491 2236 555 2311; x_wconf 88' lang='lat' dir='ltr'><strong>sed,</strong></span> <span class='ocrx_word' id='word_1_178' title='bbox 582 2238 617 2295; x_wconf 90' lang='lat' dir='ltr'><strong>ut</strong></span> <span class='ocrx_word' id='word_1_179' title='bbox 638 2240 785 2296; x_wconf 85' lang='lat' dir='ltr'><strong>incertum</strong></span> <span class='ocrx_word' id='word_1_180' title='bbox 808 2237 947 2294; x_wconf 87' lang='lat' dir='ltr'><strong>orbitatis</strong></span> <span class='ocrx_word' id='word_1_181' title='bbox 971 2235 1088 2309; x_wconf 83' lang='lat' dir='ltr'><strong>evadat,</strong></span> 
     </span>
     <span class='ocr_line' id='line_1_25' title="bbox 71 2327 312 2402; baseline 0.004 -20"><span class='ocrx_word' id='word_1_182' title='bbox 71 2327 138 2402; x_wconf 89' lang='lat' dir='ltr'><strong>ipse</strong></span> <span class='ocrx_word' id='word_1_183' title='bbox 162 2327 312 2383; x_wconf 86' lang='lat' dir='ltr'><strong>morietur.</strong></span> 
     </span>
    </p>

    <p class='ocr_par' dir='ltr' id='par_1_7' title="bbox 21 2413 1089 2760">
     <span class='ocr_line' id='line_1_26' title="bbox 21 2413 1088 2490; baseline -0.004 -17"><span class='ocrx_word' id='word_1_184' title='bbox 21 2424 59 2473; x_wconf 67' lang='lat'><strong>²⁸</strong></span> <span class='ocrx_word' id='word_1_185' title='bbox 143 2413 284 2489; x_wconf 86' lang='lat' dir='ltr'><strong>Temptat</strong></span> <span class='ocrx_word' id='word_1_186' title='bbox 305 2414 454 2489; x_wconf 89' lang='lat' dir='ltr'><strong>hocloco,</strong></span> <span class='ocrx_word' id='word_1_187' title='bbox 476 2414 597 2490; x_wconf 88' lang='lat' dir='ltr'><strong>iudices,</strong></span> <span class='ocrx_word' id='word_1_188' title='bbox 620 2415 839 2475; x_wconf 88' lang='lat' dir='ltr'><strong>crudelissimus</strong></span> <span class='ocrx_word' id='word_1_189' title='bbox 863 2433 951 2472; x_wconf 83' lang='lat' dir='ltr'><strong>senex</strong></span> <span class='ocrx_word' id='word_1_190' title='bbox 970 2430 1088 2471; x_wconf 83' lang='lat' dir='ltr'><strong>excusa-</strong></span> 
     </span>
     <span class='ocr_line' id='line_1_27' title="bbox 72 2503 1088 2564; baseline 0.001 -4"><span class='ocrx_word' id='word_1_191' title='bbox 72 2503 189 2562; x_wconf 78' lang='lat' dir='ltr'><strong>tionem</strong></span> <span class='ocrx_word' id='word_1_192' title='bbox 215 2505 394 2563; x_wconf 89' lang='lat' dir='ltr'><strong>temeritatis</strong></span> <span class='ocrx_word' id='word_1_193' title='bbox 422 2523 492 2564; x_wconf 90' lang='lat' dir='ltr'><strong>suae</strong></span> <span class='ocrx_word' id='word_1_194' title='bbox 521 2504 556 2562; x_wconf 92' lang='lat' dir='ltr'><strong>de</strong></span> <span class='ocrx_word' id='word_1_195' title='bbox 583 2506 765 2564; x_wconf 89' lang='lat' dir='ltr'><strong>medicorum</strong></span> <span class='ocrx_word' id='word_1_196' title='bbox 791 2503 909 2561; x_wconf 87' lang='lat' dir='ltr'><strong>trahere</strong></span> <span class='ocrx_word' id='word_1_197' title='bbox 937 2520 1088 2561; x_wconf 90' lang='lat' dir='ltr'><strong>consensu.</strong></span> 
     </span>
     <span class='ocr_line' id='line_1_28' title="bbox 74 2586 1089 2669; baseline -0.003 -19"><span class='ocrx_word' id='word_1_198' title='bbox 74 2586 339 2669; x_wconf 78' lang='lat' dir='ltr'><strong>‘desperaverant&#39;,</strong></span> <span class='ocrx_word' id='word_1_199' title='bbox 362 2595 471 2669; x_wconf 90' lang='lat' dir='ltr'><strong>inquit,</strong></span> <span class='ocrx_word' id='word_1_200' title='bbox 494 2586 543 2652; x_wconf 73' lang='lat' dir='ltr'><strong>‘de</strong></span> <span class='ocrx_word' id='word_1_201' title='bbox 561 2589 694 2653; x_wconf 85' lang='lat' dir='ltr'><strong>duobus&#39;</strong></span> <span class='ocrx_word' id='word_1_202' title='bbox 732 2611 841 2668; x_wconf 90' lang='lat' dir='ltr'><strong>sepono</strong></span> <span class='ocrx_word' id='word_1_203' title='bbox 861 2592 1014 2667; x_wconf 87' lang='lat' dir='ltr'><strong>paulisper</strong></span> <span class='ocrx_word' id='word_1_204' title='bbox 1034 2591 1089 2647; x_wconf 91' lang='lat' dir='ltr'><strong>im-</strong></span> 
     </span>
     <span class='ocr_line' id='line_1_29' title="bbox 73 2682 1089 2760; baseline -0.005 -19"><span class='ocrx_word' id='word_1_205' title='bbox 73 2684 253 2741; x_wconf 85' lang='lat' dir='ltr'><strong>manitatem</strong></span> <span class='ocrx_word' id='word_1_206' title='bbox 275 2684 371 2758; x_wconf 82' lang='lat' dir='ltr'><strong>patris</strong></span> <span class='ocrx_word' id='word_1_207' title='bbox 394 2685 447 2760; x_wconf 89' lang='lat' dir='ltr'><strong>qui</strong></span> <span class='ocrx_word' id='word_1_208' title='bbox 470 2682 604 2757; x_wconf 89' lang='lat' dir='ltr'><strong>credidit,</strong></span> <span class='ocrx_word' id='word_1_209' title='bbox 627 2685 657 2742; x_wconf 91' lang='lat' dir='ltr'><strong>et</strong></span> <span class='ocrx_word' id='word_1_210' title='bbox 680 2683 715 2740; x_wconf 93' lang='lat' dir='ltr'><strong>de</strong></span> <span class='ocrx_word' id='word_1_211' title='bbox 739 2683 1000 2758; x_wconf 89' lang='lat' dir='ltr'><strong>arrogantissimae</strong></span> <span class='ocrx_word' id='word_1_212' title='bbox 1023 2697 1089 2755; x_wconf 93' lang='lat' dir='ltr'><strong>per-</strong></span> 
     </span>
    </p>
   </div>
   <div class='ocr_carea' id='block_1_3' title="bbox 74 2852 1091 3298">
    <p class='ocr_par' dir='ltr' id='par_1_8' title="bbox 74 2852 1091 3298">
     <span class='ocr_line' id='line_1_30' title="bbox 150 2852 1089 2939; baseline -0.004 -16"><span class='ocrx_word' id='word_1_213' title='bbox 150 2852 352 2939; x_wconf 61' lang='lat' dir='ltr'><strong>lpaiicidium</strong></span> <span class='ocrx_word' id='word_1_214' title='bbox 370 2880 399 2923; x_wconf 77' lang='lat' dir='ltr'><em>B</em></span> <span class='ocrx_word' id='word_1_215' title='bbox 465 2869 564 2923; x_wconf 82' lang='lat' dir='ltr'><strong>2illas</strong></span> <span class='ocrx_word' id='word_1_216' title='bbox 583 2879 610 2922; x_wconf 83' lang='lat' dir='ltr'><em>P</em></span> <span class='ocrx_word' id='word_1_217' title='bbox 676 2867 796 2921; x_wconf 71' lang='lat' dir='ltr'><strong>bdebes</strong></span> <span class='ocrx_word' id='word_1_218' title='bbox 815 2877 842 2920; x_wconf 83' lang='lat' dir='ltr'><em>P</em></span> <span class='ocrx_word' id='word_1_219' title='bbox 906 2868 1089 2937; x_wconf 69' lang='lat' dir='ltr'><strong>ipereuntes</strong></span> 
     </span>
     <span class='ocr_line' id='line_1_31' title="bbox 74 2939 1020 3010; baseline -0.007 -13"><span class='ocrx_word' id='word_1_220' title='bbox 74 2951 144 3006; x_wconf 72' lang='grc'><strong>100</strong></span> <span class='ocrx_word' id='word_1_221' title='bbox 213 2944 390 3010; x_wconf 85' lang='lat' dir='ltr'><strong>expectemus</strong></span> <span class='ocrx_word' id='word_1_222' title='bbox 413 2951 442 3008; x_wconf 67' lang='grc' dir='ltr'><strong>νς</strong></span> <span class='ocrx_word' id='word_1_223' title='bbox 463 2940 659 3010; x_wconf 83' lang='lat' dir='ltr'><strong>spectabamus</strong></span> <span class='ocrx_word' id='word_1_224' title='bbox 679 2951 700 2992; x_wconf 74' lang='lat' dir='ltr'><strong>a·</strong></span> <span class='ocrx_word' id='word_1_225' title='bbox 768 2939 938 2993; x_wconf 85' lang='lat' dir='ltr'><strong>valitudines</strong></span> <span class='ocrx_word' id='word_1_226' title='bbox 956 2947 1020 3002; x_wconf 71' lang='lat' dir='ltr'><strong>Bvs</strong></span> 
     </span>
     <span class='ocr_line' id='line_1_32' title="bbox 75 3010 1090 3078; baseline -0.007 -10"><span class='ocrx_word' id='word_1_227' title='bbox 75 3019 111 3068; x_wconf 88' lang='grc'><strong>10</strong></span> <span class='ocrx_word' id='word_1_228' title='bbox 129 3011 226 3066; x_wconf 87' lang='lat' dir='ltr'><strong>haneli</strong></span> <span class='ocrx_word' id='word_1_229' title='bbox 244 3022 265 3064; x_wconf 73' lang='lat' dir='ltr'>v</span> <span class='ocrx_word' id='word_1_230' title='bbox 316 3018 348 3066; x_wconf 92' lang='lat'><strong>11</strong></span> <span class='ocrx_word' id='word_1_231' title='bbox 368 3011 464 3066; x_wconf 85' lang='lat' dir='ltr'><strong>obvios</strong></span> <span class='ocrx_word' id='word_1_232' title='bbox 483 3030 517 3067; x_wconf 80' lang='grc'><strong>00</strong></span> <span class='ocrx_word' id='word_1_233' title='bbox 534 3011 653 3066; x_wconf 83' lang='lat' dir='ltr'><strong>oblivios</strong></span> <span class='ocrx_word' id='word_1_234' title='bbox 666 3021 695 3064; x_wconf 77' lang='grc' dir='ltr'><strong><em>Β</em></strong></span> <span class='ocrx_word' id='word_1_235' title='bbox 748 3010 888 3064; x_wconf 83' lang='lat' dir='ltr'><strong>stedentia</strong></span> <span class='ocrx_word' id='word_1_236' title='bbox 902 3019 935 3076; x_wconf 79' lang='lat' dir='ltr'><strong>P,</strong></span> <span class='ocrx_word' id='word_1_237' title='bbox 953 3026 1055 3078; x_wconf 82' lang='lat' dir='ltr'><strong>reapr.</strong></span> <span class='ocrx_word' id='word_1_238' title='bbox 1069 3030 1090 3068; x_wconf 70' lang='grc' dir='ltr'>ρ</span> 
     </span>
     <span class='ocr_line' id='line_1_33' title="bbox 75 3079 1090 3154; baseline -0.008 -14"><span class='ocrx_word' id='word_1_239' title='bbox 75 3090 111 3140; x_wconf 79' lang='grc'><strong>16</strong></span> <span class='ocrx_word' id='word_1_240' title='bbox 136 3083 199 3154; x_wconf 80' lang='lat' dir='ltr'><strong>agis</strong></span> <span class='ocrx_word' id='word_1_241' title='bbox 216 3094 245 3137; x_wconf 79' lang='grc' dir='ltr'><strong><em>Β</em></strong></span> <span class='ocrx_word' id='word_1_242' title='bbox 311 3089 344 3138; x_wconf 77' lang='grc'><strong>17</strong></span> <span class='ocrx_word' id='word_1_243' title='bbox 364 3100 447 3152; x_wconf 90' lang='lat' dir='ltr'><strong>quem</strong></span> <span class='ocrx_word' id='word_1_244' title='bbox 465 3101 516 3139; x_wconf 84' lang='lat' dir='ltr'><strong>om.</strong></span> <span class='ocrx_word' id='word_1_245' title='bbox 531 3095 588 3147; x_wconf 75' lang='lat' dir='ltr'><strong>ayo</strong></span> <span class='ocrx_word' id='word_1_246' title='bbox 657 3088 690 3135; x_wconf 85' lang='lat'><strong>18</strong></span> <span class='ocrx_word' id='word_1_247' title='bbox 710 3081 851 3151; x_wconf 77' lang='lat' dir='ltr'><strong>egrederis</strong></span> <span class='ocrx_word' id='word_1_248' title='bbox 869 3091 908 3148; x_wconf 75' lang='lat'><strong>133</strong></span> <span class='ocrx_word' id='word_1_249' title='bbox 930 3079 1090 3150; x_wconf 56' lang='lat' dir='ltr'><strong>egredieris</strong></span> 
     </span>
     <span class='ocr_line' id='line_1_34' title="bbox 74 3151 1091 3228; baseline -0.009 -17"><span class='ocrx_word' id='word_1_250' title='bbox 74 3158 96 3228; x_wconf 91' lang='lat' dir='ltr'><strong>(i</strong></span> <span class='ocrx_word' id='word_1_251' title='bbox 111 3158 220 3212; x_wconf 73' lang='lat' dir='ltr'><strong>videtur</strong></span> <span class='ocrx_word' id='word_1_252' title='bbox 233 3158 333 3226; x_wconf 75' lang='lat' dir='ltr'><strong>er.)s1;</strong></span> <span class='ocrx_word' id='word_1_253' title='bbox 348 3155 540 3225; x_wconf 84' lang='lat' dir='ltr'><strong>aggredereris</strong></span> <span class='ocrx_word' id='word_1_254' title='bbox 556 3167 576 3207; x_wconf 82' lang='grc'><strong>0</strong></span> <span class='ocrx_word' id='word_1_255' title='bbox 618 3159 653 3207; x_wconf 82' lang='lat'><strong>20</strong></span> <span class='ocrx_word' id='word_1_256' title='bbox 672 3152 810 3207; x_wconf 85' lang='lat' dir='ltr'><strong>defensio:</strong></span> <span class='ocrx_word' id='word_1_257' title='bbox 826 3151 943 3206; x_wconf 84' lang='lat' dir='ltr'><strong>offensio</strong></span> <span class='ocrx_word' id='word_1_258' title='bbox 957 3160 988 3218; x_wconf 78' lang='lat'><strong>1,</strong></span> <span class='ocrx_word' id='word_1_259' title='bbox 1001 3162 1091 3205; x_wconf 77' lang='grc'><strong>00000</strong></span> 
     </span>
     <span class='ocr_line' id='line_1_35' title="bbox 75 3223 1047 3298; baseline -0.008 -14"><span class='ocrx_word' id='word_1_260' title='bbox 75 3234 111 3284; x_wconf 68' lang='grc'><strong>12</strong></span> <span class='ocrx_word' id='word_1_261' title='bbox 130 3226 380 3298; x_wconf 86' lang='lat' dir='ltr'><strong>praeponderabit:</strong></span> <span class='ocrx_word' id='word_1_262' title='bbox 398 3226 476 3295; x_wconf 90' lang='lat' dir='ltr'><strong>pond</strong></span> <span class='ocrx_word' id='word_1_263' title='bbox 493 3228 526 3280; x_wconf 77' lang='lat' dir='ltr'><strong>ia</strong></span> <span class='ocrx_word' id='word_1_264' title='bbox 542 3236 651 3291; x_wconf 70' lang='grc' dir='ltr'><strong>0001ος</strong></span> <span class='ocrx_word' id='word_1_265' title='bbox 669 3223 878 3294; x_wconf 88' lang='lat' dir='ltr'><strong>praeponderat</strong></span> <span class='ocrx_word' id='word_1_266' title='bbox 892 3232 925 3289; x_wconf 81' lang='lat' dir='ltr'><strong>P,</strong></span> <span class='ocrx_word' id='word_1_267' title='bbox 944 3239 1011 3277; x_wconf 89' lang='grc'><strong>0000.</strong></span> <span class='ocrx_word' id='word_1_268' title='bbox 1025 3244 1047 3283; x_wconf 73' lang='grc' dir='ltr'>ρ</span> 
     </span>
    </p>
   </div>
   <div class='ocr_carea' id='block_1_4' title="bbox 74 3311 1092 3576">
    <p class='ocr_par' dir='ltr' id='par_1_9' title="bbox 74 3311 1092 3576">
     <span class='ocr_line' id='line_1_36' title="bbox 74 3311 1091 3421; baseline -0.01 -11"><span class='ocrx_word' id='word_1_269' title='bbox 74 3361 111 3412; x_wconf 74' lang='lat'><strong>23</strong></span> <span class='ocrx_word' id='word_1_270' title='bbox 131 3352 220 3421; x_wconf 82' lang='lat' dir='ltr'><strong>eliget</strong></span> <span class='ocrx_word' id='word_1_271' title='bbox 238 3369 271 3406; x_wconf 85' lang='grc'><strong>00</strong></span> <span class='ocrx_word' id='word_1_272' title='bbox 289 3351 371 3421; x_wconf 87' lang='lat' dir='ltr'><strong>eligit</strong></span> <span class='ocrx_word' id='word_1_273' title='bbox 388 3361 416 3404; x_wconf 78' lang='grc' dir='ltr'><em>Β</em></span> <span class='ocrx_word' id='word_1_274' title='bbox 473 3356 506 3405; x_wconf 79' lang='lat'><strong>26</strong></span> <span class='ocrx_word' id='word_1_275' title='bbox 525 3311 749 3404; x_wconf 67' lang='lat' dir='ltr'><strong>temeritatibudb</strong></span> <span class='ocrx_word' id='word_1_276' title='bbox 767 3359 795 3401; x_wconf 79' lang='grc' dir='ltr'><em>Β</em></span> <span class='ocrx_word' id='word_1_277' title='bbox 852 3353 885 3402; x_wconf 77' lang='lat'><strong>27</strong></span> <span class='ocrx_word' id='word_1_278' title='bbox 900 3351 965 3416; x_wconf 84' lang='lat' dir='ltr'><strong>poet</strong></span> <span class='ocrx_word' id='word_1_279' title='bbox 982 3345 1091 3400; x_wconf 88' lang='lat' dir='ltr'><strong>duobus</strong></span> 
     </span>
     <span class='ocr_line' id='line_1_37' title="bbox 74 3418 1092 3499; baseline -0.01 -17"><span class='ocrx_word' id='word_1_280' title='bbox 74 3427 179 3499; x_wconf 72' lang='grc'><strong>1091000</strong></span> <span class='ocrx_word' id='word_1_281' title='bbox 197 3424 246 3477; x_wconf 92' lang='lat' dir='ltr'><strong>sed</strong></span> <span class='ocrx_word' id='word_1_282' title='bbox 264 3424 297 3477; x_wconf 89' lang='lat' dir='ltr'><strong>ut</strong></span> <span class='ocrx_word' id='word_1_283' title='bbox 314 3423 452 3476; x_wconf 88' lang='lat' dir='ltr'><strong>incertum</strong></span> <span class='ocrx_word' id='word_1_284' title='bbox 476 3421 606 3476; x_wconf 86' lang='lat' dir='ltr'><strong>orbitatis</strong></span> <span class='ocrx_word' id='word_1_285' title='bbox 630 3421 733 3474; x_wconf 87' lang='lat' dir='ltr'><strong>evadat</strong></span> <span class='ocrx_word' id='word_1_286' title='bbox 754 3422 897 3489; x_wconf 75' lang='lat' dir='ltr'><strong>repetitam</strong></span> <span class='ocrx_word' id='word_1_287' title='bbox 918 3435 951 3472; x_wconf 82' lang='grc'><strong>00</strong></span> <span class='ocrx_word' id='word_1_288' title='bbox 974 3418 990 3474; x_wconf 84' lang='lat' dir='ltr'><strong>t.</strong></span> <span class='ocrx_word' id='word_1_289' title='bbox 1005 3422 1043 3473; x_wconf 81' lang='lat'><strong>23</strong></span> <span class='ocrx_word' id='word_1_290' title='bbox 1060 3420 1092 3472; x_wconf 79' lang='lat' dir='ltr'><strong>ia</strong></span> 
     </span>
     <span class='ocr_line' id='line_1_38' title="bbox 75 3491 959 3576; baseline -0.011 -23"><span class='ocrx_word' id='word_1_291' title='bbox 75 3510 136 3563; x_wconf 68' lang='lat' dir='ltr'><strong>ayo</strong></span> <span class='ocrx_word' id='word_1_292' title='bbox 206 3510 384 3576; x_wconf 75' lang='lat' dir='ltr'><strong>sepouopoqq</strong></span> <span class='ocrx_word' id='word_1_293' title='bbox 407 3503 428 3545; x_wconf 79' lang='lat' dir='ltr'><strong><em>V</em></strong></span> <span class='ocrx_word' id='word_1_294' title='bbox 496 3499 530 3548; x_wconf 75' lang='lat'><strong>28</strong></span> <span class='ocrx_word' id='word_1_295' title='bbox 548 3491 691 3562; x_wconf 87' lang='lat' dir='ltr'><strong>persuasis</strong></span> <span class='ocrx_word' id='word_1_296' title='bbox 710 3493 787 3562; x_wconf 88' lang='grc'><strong>(0000.</strong></span> <span class='ocrx_word' id='word_1_297' title='bbox 803 3508 875 3544; x_wconf 78' lang='lat' dir='ltr'><strong>maa.</strong></span> <span class='ocrx_word' id='word_1_298' title='bbox 890 3491 919 3561; x_wconf 83' lang='lat'><strong>2)</strong></span> <span class='ocrx_word' id='word_1_299' title='bbox 938 3501 959 3542; x_wconf 76' lang='grc'><strong>0</strong></span> 
     </span>
    </p>
   </div>
   <div class='ocr_carea' id='block_1_5' title="bbox 0 0 1222 3832">
    <p class='ocr_par' dir='ltr' id='par_1_10' title="bbox 0 0 1222 3832">
     <span class='ocr_line' id='line_1_39' title="bbox 0 0 1222 3832; baseline 0 0"><span class='ocrx_word' id='word_1_300' title='bbox 0 0 1222 3832; x_wconf 95' lang='lat' dir='ltr'><strong> </strong></span> 
     </span>
    </p>
   </div>
  </div>
 </body>
</html>
