<?xml version="1.0" encoding="UTF-8"?>
<!DOCTYPE html PUBLIC "-//W3C//DTD XHTML 1.0 Transitional//EN"
    "http://www.w3.org/TR/xhtml1/DTD/xhtml1-transitional.dtd">
<html xmlns="http://www.w3.org/1999/xhtml" xml:lang="en" lang="en">
 <head>
  <title>
</title>
<meta http-equiv="Content-Type" content="text/html;charset=utf-8" />
  <meta name='ocr-system' content='tesseract 3.04.00' />
  <meta name='ocr-capabilities' content='ocr_page ocr_carea ocr_par ocr_line ocrx_word'/>
</head>
<body>
  <div class='ocr_page' id='page_1' title='image "./qvintilianiqvae01quingoog_0334.png"; bbox 0 0 2408 3840; ppageno 0'>
   <div class='ocr_carea' id='block_1_1' title="bbox 398 158 1121 226">
    <p class='ocr_par' dir='ltr' id='par_1_1' title="bbox 398 158 1121 226">
     <span class='ocr_line' id='line_1_1' title="bbox 398 158 1121 226; baseline 0.018 -13"><span class='ocrx_word' id='word_1_1' title='bbox 398 158 632 214; x_wconf 70' lang='lat' dir='ltr'>DECLAMATIO</span> <span class='ocrx_word' id='word_1_2' title='bbox 651 159 826 216; x_wconf 77' lang='lat' dir='ltr'><strong>xvia-10.</strong></span> <span class='ocrx_word' id='word_1_3' title='bbox 1054 161 1121 226; x_wconf 82' lang='grc'><strong>299</strong></span> 
     </span>
    </p>
   </div>
   <div class='ocr_carea' id='block_1_2' title="bbox 101 326 1122 494">
    <p class='ocr_par' dir='ltr' id='par_1_2' title="bbox 101 326 1122 494">
     <span class='ocr_line' id='line_1_2' title="bbox 102 326 1122 389; baseline 0.002 -3"><span class='ocrx_word' id='word_1_4' title='bbox 102 326 144 386; x_wconf 78' lang='lat' dir='ltr'><strong>ad</strong></span> <span class='ocrx_word' id='word_1_5' title='bbox 172 326 283 386; x_wconf 87' lang='lat' dir='ltr'><strong>bonum</strong></span> <span class='ocrx_word' id='word_1_6' title='bbox 310 329 447 387; x_wconf 80' lang='lat' dir='ltr'><strong>amicum.</strong></span> <span class='ocrx_word' id='word_1_7' title='bbox 494 329 630 388; x_wconf 85' lang='lat' dir='ltr'><strong>accedere</strong></span> <span class='ocrx_word' id='word_1_8' title='bbox 654 328 694 387; x_wconf 84' lang='lat' dir='ltr'><strong>ad</strong></span> <span class='ocrx_word' id='word_1_9' title='bbox 720 329 807 388; x_wconf 89' lang='lat' dir='ltr'><strong>illum</strong></span> <span class='ocrx_word' id='word_1_10' title='bbox 829 328 925 389; x_wconf 83' lang='lat' dir='ltr'>cubile</span> <span class='ocrx_word' id='word_1_11' title='bbox 953 330 1028 389; x_wconf 89' lang='lat' dir='ltr'><strong>iussi</strong></span> <span class='ocrx_word' id='word_1_12' title='bbox 1052 332 1122 388; x_wconf 90' lang='lat' dir='ltr'><strong>sunt</strong></span> 
     </span>
     <span class='ocr_line' id='line_1_3' title="bbox 101 412 1120 494; baseline 0.002 -18"><span class='ocrx_word' id='word_1_13' title='bbox 101 416 239 476; x_wconf 88' lang='lat' dir='ltr'><strong>homines</strong></span> <span class='ocrx_word' id='word_1_14' title='bbox 271 419 424 491; x_wconf 75' lang='lat' dir='ltr'><strong>nocentes,</strong></span> <span class='ocrx_word' id='word_1_15' title='bbox 455 420 486 476; x_wconf 85' lang='lat' dir='ltr'><strong>st</strong></span> <span class='ocrx_word' id='word_1_16' title='bbox 513 417 638 477; x_wconf 82' lang='lat' dir='ltr'>subinde</span> <span class='ocrx_word' id='word_1_17' title='bbox 671 416 784 476; x_wconf 83' lang='lat' dir='ltr'><strong>dictum</strong></span> <span class='ocrx_word' id='word_1_18' title='bbox 811 421 868 493; x_wconf 88' lang='lat' dir='ltr'><strong>est,</strong></span> <span class='ocrx_word' id='word_1_19' title='bbox 902 412 981 478; x_wconf 75' lang='lat' dir='ltr'><strong>‘vide</strong></span> <span class='ocrx_word' id='word_1_20' title='bbox 1010 421 1120 494; x_wconf 79' lang='lat' dir='ltr'><strong>tamen,</strong></span> 
     </span>
    </p>
   </div>
   <div class='ocr_carea' id='block_1_3' title="bbox 59 500 1172 2810">
    <p class='ocr_par' dir='ltr' id='par_1_3' title="bbox 59 500 1121 1649">
     <span class='ocr_line' id='line_1_4' title="bbox 101 500 1121 585; baseline 0.004 -21"><span class='ocrx_word' id='word_1_21' title='bbox 101 506 208 580; x_wconf 72' lang='lat' dir='ltr'><strong>amice,</strong></span> <span class='ocrx_word' id='word_1_22' title='bbox 232 507 355 565; x_wconf 88' lang='lat' dir='ltr'><strong>sitanti</strong></span> <span class='ocrx_word' id='word_1_23' title='bbox 373 500 438 566; x_wconf 90' lang='lat' dir='ltr'><strong>est&#39;</strong></span> <span class='ocrx_word' id='word_1_24' title='bbox 470 525 531 565; x_wconf 91' lang='lat' dir='ltr'><strong>una</strong></span> <span class='ocrx_word' id='word_1_25' title='bbox 549 526 615 582; x_wconf 79' lang='lat' dir='ltr'><strong>vox,</strong></span> <span class='ocrx_word' id='word_1_26' title='bbox 638 525 714 566; x_wconf 88' lang='lat' dir='ltr'><strong>unus</strong></span> <span class='ocrx_word' id='word_1_27' title='bbox 735 507 837 566; x_wconf 85' lang='lat' dir='ltr'><strong>miseri</strong></span> <span class='ocrx_word' id='word_1_28' title='bbox 855 507 996 585; x_wconf 79' lang='lat' dir='ltr'><strong>gemitus:</strong></span> <span class='ocrx_word' id='word_1_29' title='bbox 1022 503 1121 584; x_wconf 73' lang='lat' dir='ltr'><strong>‘mita</strong></span> 
     </span>
     <span class='ocr_line' id='line_1_5' title="bbox 101 592 1120 673; baseline 0.005 -20"><span class='ocrx_word' id='word_1_30' title='bbox 101 595 242 670; x_wconf 75' lang='lat' dir='ltr'><strong>lacerate,</strong></span> <span class='ocrx_word' id='word_1_31' title='bbox 261 594 428 669; x_wconf 84' lang='lat' dir='ltr'><strong>distrahite‚</strong></span> <span class='ocrx_word' id='word_1_32' title='bbox 446 595 497 655; x_wconf 90' lang='lat' dir='ltr'><strong>ille</strong></span> <span class='ocrx_word' id='word_1_33' title='bbox 515 599 616 655; x_wconf 89' lang='lat' dir='ltr'><strong>tamen</strong></span> <span class='ocrx_word' id='word_1_34' title='bbox 633 592 817 657; x_wconf 66' lang='lat' dir='ltr'><strong>revertetur?</strong></span> <span class='ocrx_word' id='word_1_35' title='bbox 851 597 998 671; x_wconf 87' lang='lat' dir='ltr'><strong>miserere,</strong></span> <span class='ocrx_word' id='word_1_36' title='bbox 1016 600 1120 673; x_wconf 82' lang='lat' dir='ltr'><strong>mater,</strong></span> 
     </span>
     <span class='ocr_line' id='line_1_6' title="bbox 76 685 1121 762; baseline 0.001 -18"><span class='ocrx_word' id='word_1_37' title='bbox 76 702 215 761; x_wconf 84' lang='lat' dir='ltr'><strong>smagna</strong></span> <span class='ocrx_word' id='word_1_38' title='bbox 242 701 289 743; x_wconf 88' lang='lat' dir='ltr'><strong>res</strong></span> <span class='ocrx_word' id='word_1_39' title='bbox 316 685 425 762; x_wconf 83' lang='lat' dir='ltr'><strong>agitur.</strong></span> <span class='ocrx_word' id='word_1_40' title='bbox 476 685 604 744; x_wconf 89' lang='lat' dir='ltr'><strong>amicum</strong></span> <span class='ocrx_word' id='word_1_41' title='bbox 631 705 731 744; x_wconf 89' lang='lat' dir='ltr'><strong>meum</strong></span> <span class='ocrx_word' id='word_1_42' title='bbox 757 685 867 762; x_wconf 78' lang='lat' dir='ltr'><strong>reliqui</strong></span> <span class='ocrx_word' id='word_1_43' title='bbox 894 686 1121 745; x_wconf 75' lang='lat' dir='ltr'><strong>contendentem</strong></span> 
     </span>
     <span class='ocr_line' id='line_1_7' title="bbox 102 774 1120 852; baseline 0.002 -20"><span class='ocrx_word' id='word_1_44' title='bbox 102 791 173 832; x_wconf 87' lang='lat' dir='ltr'><strong>eum</strong></span> <span class='ocrx_word' id='word_1_45' title='bbox 195 774 333 847; x_wconf 78' lang='lat' dir='ltr'><strong>tyranno.</strong></span> <span class='ocrx_word' id='word_1_46' title='bbox 376 792 482 833; x_wconf 84' lang='lat' dir='ltr'><strong>excuso</strong></span> <span class='ocrx_word' id='word_1_47' title='bbox 505 793 552 832; x_wconf 91' lang='lat' dir='ltr'><strong>me</strong></span> <span class='ocrx_word' id='word_1_48' title='bbox 575 774 669 848; x_wconf 85' lang='lat' dir='ltr'><strong>vobis,</strong></span> <span class='ocrx_word' id='word_1_49' title='bbox 691 774 815 833; x_wconf 86' lang='lat' dir='ltr'><strong>humani</strong></span> <span class='ocrx_word' id='word_1_50' title='bbox 838 776 954 852; x_wconf 85' lang='lat' dir='ltr'><strong>generis</strong></span> <span class='ocrx_word' id='word_1_51' title='bbox 977 775 1120 848; x_wconf 82' lang='lat' dir='ltr'><strong>adfectus,</strong></span> 
     </span>
     <span class='ocr_line' id='line_1_8' title="bbox 101 860 1120 939; baseline 0.005 -20"><span class='ocrx_word' id='word_1_52' title='bbox 101 863 134 920; x_wconf 82' lang='lat' dir='ltr'><strong>et</strong></span> <span class='ocrx_word' id='word_1_53' title='bbox 157 860 217 919; x_wconf 86' lang='lat' dir='ltr'><strong>tibi</strong></span> <span class='ocrx_word' id='word_1_54' title='bbox 238 864 308 920; x_wconf 88' lang='lat' dir='ltr'><strong>ante</strong></span> <span class='ocrx_word' id='word_1_55' title='bbox 331 864 444 936; x_wconf 86' lang='lat' dir='ltr'><strong>omnia,</strong></span> <span class='ocrx_word' id='word_1_56' title='bbox 471 865 577 937; x_wconf 85' lang='lat' dir='ltr'><strong>mater,</strong></span> <span class='ocrx_word' id='word_1_57' title='bbox 605 880 725 938; x_wconf 83' lang='lat' dir='ltr'><strong>excuso,</strong></span> <span class='ocrx_word' id='word_1_58' title='bbox 749 864 827 939; x_wconf 90' lang='lat' dir='ltr'><strong>quod</strong></span> <span class='ocrx_word' id='word_1_59' title='bbox 850 863 906 923; x_wconf 89' lang='lat' dir='ltr'><strong>hoc</strong></span> <span class='ocrx_word' id='word_1_60' title='bbox 928 863 994 922; x_wconf 81' lang='lat' dir='ltr'><strong>fieri</strong></span> <span class='ocrx_word' id='word_1_61' title='bbox 1015 881 1120 939; x_wconf 86' lang='lat' dir='ltr'><strong>passus</strong></span> 
     </span>
     <span class='ocr_line' id='line_1_9' title="bbox 101 950 1119 1028; baseline 0.002 -20"><span class='ocrx_word' id='word_1_62' title='bbox 101 967 178 1009; x_wconf 77' lang='lat' dir='ltr'><strong>snm</strong></span> <span class='ocrx_word' id='word_1_63' title='bbox 224 950 287 1008; x_wconf 84' lang='lat' dir='ltr'><strong>nlla</strong></span> <span class='ocrx_word' id='word_1_64' title='bbox 313 969 384 1028; x_wconf 81' lang='lat' dir='ltr'><strong>ergo</strong></span> <span class='ocrx_word' id='word_1_65' title='bbox 411 953 445 1009; x_wconf 91' lang='lat' dir='ltr'><strong>in</strong></span> <span class='ocrx_word' id='word_1_66' title='bbox 470 951 559 1012; x_wconf 86' lang='lat' dir='ltr'><strong>rebus</strong></span> <span class='ocrx_word' id='word_1_67' title='bbox 589 952 728 1012; x_wconf 76' lang='lat' dir='ltr'><strong>humenis</strong></span> <span class='ocrx_word' id='word_1_68' title='bbox 755 951 915 1012; x_wconf 87' lang='lat' dir='ltr'><strong>necessitas</strong></span> <span class='ocrx_word' id='word_1_69' title='bbox 946 953 1026 1011; x_wconf 85' lang='lat' dir='ltr'><strong>tanti</strong></span> <span class='ocrx_word' id='word_1_70' title='bbox 1053 953 1119 1028; x_wconf 85' lang='lat' dir='ltr'><strong>fuit,</strong></span> 
     </span>
     <span class='ocr_line' id='line_1_10' title="bbox 101 1038 1121 1117; baseline 0.001 -19"><span class='ocrx_word' id='word_1_71' title='bbox 101 1042 137 1098; x_wconf 84' lang='lat' dir='ltr'><strong>ut</strong></span> <span class='ocrx_word' id='word_1_72' title='bbox 160 1038 248 1097; x_wconf 89' lang='lat' dir='ltr'><strong>illum</strong></span> <span class='ocrx_word' id='word_1_73' title='bbox 270 1041 398 1098; x_wconf 84' lang='lat' dir='ltr'><strong>amicum</strong></span> <span class='ocrx_word' id='word_1_74' title='bbox 425 1059 524 1099; x_wconf 90' lang='lat' dir='ltr'><strong>meum</strong></span> <span class='ocrx_word' id='word_1_75' title='bbox 546 1042 578 1100; x_wconf 94' lang='lat' dir='ltr'><strong>in</strong></span> <span class='ocrx_word' id='word_1_76' title='bbox 602 1060 749 1101; x_wconf 86' lang='lat' dir='ltr'><strong>carcerem</strong></span> <span class='ocrx_word' id='word_1_77' title='bbox 775 1043 839 1117; x_wconf 90' lang='lat' dir='ltr'><strong>ipse</strong></span> <span class='ocrx_word' id='word_1_78' title='bbox 862 1039 1057 1100; x_wconf 78' lang='lat' dir='ltr'><strong>deducerem?</strong></span> <span class='ocrx_word' id='word_1_79' title='bbox 1086 1045 1121 1100; x_wconf 87' lang='lat' dir='ltr'><strong>nt</strong></span> 
     </span>
     <span class='ocr_line' id='line_1_11' title="bbox 59 1128 1120 1204; baseline 0.001 -15"><span class='ocrx_word' id='word_1_80' title='bbox 59 1147 89 1189; x_wconf 78' lang='lat' dir='ltr'><strong>ro</strong></span> <span class='ocrx_word' id='word_1_81' title='bbox 101 1128 274 1204; x_wconf 77' lang='lat' dir='ltr'><strong>squalorem</strong></span> <span class='ocrx_word' id='word_1_82' title='bbox 304 1147 416 1204; x_wconf 86' lang='lat' dir='ltr'><strong>meum,</strong></span> <span class='ocrx_word' id='word_1_83' title='bbox 452 1148 533 1190; x_wconf 82' lang='lat' dir='ltr'><strong>meas</strong></span> <span class='ocrx_word' id='word_1_84' title='bbox 565 1131 685 1190; x_wconf 84' lang='lat' dir='ltr'><strong>catenas</strong></span> <span class='ocrx_word' id='word_1_85' title='bbox 721 1130 754 1188; x_wconf 88' lang='lat' dir='ltr'><strong>in</strong></span> <span class='ocrx_word' id='word_1_86' title='bbox 785 1129 918 1189; x_wconf 87' lang='lat' dir='ltr'><strong>membra</strong></span> <span class='ocrx_word' id='word_1_87' title='bbox 948 1131 1120 1190; x_wconf 85' lang='lat' dir='ltr'><strong>festinantis</strong></span> 
     </span>
     <span class='ocr_line' id='line_1_12' title="bbox 101 1215 1120 1294; baseline 0.002 -19"><span class='ocrx_word' id='word_1_88' title='bbox 101 1215 261 1276; x_wconf 83' lang='lat' dir='ltr'><strong>exuerem?</strong></span> <span class='ocrx_word' id='word_1_89' title='bbox 282 1220 319 1276; x_wconf 88' lang='lat' dir='ltr'><strong>ut</strong></span> <span class='ocrx_word' id='word_1_90' title='bbox 340 1219 404 1276; x_wconf 87' lang='lat' dir='ltr'><strong>tam</strong></span> <span class='ocrx_word' id='word_1_91' title='bbox 428 1219 549 1294; x_wconf 82' lang='lat' dir='ltr'><strong>abnipti</strong></span> <span class='ocrx_word' id='word_1_92' title='bbox 572 1221 754 1280; x_wconf 88' lang='lat' dir='ltr'><strong>commeatus</strong></span> <span class='ocrx_word' id='word_1_93' title='bbox 775 1219 857 1278; x_wconf 86' lang='lat' dir='ltr'><strong>diem</strong></span> <span class='ocrx_word' id='word_1_94' title='bbox 880 1222 984 1278; x_wconf 85' lang='lat' dir='ltr'><strong>contra</strong></span> <span class='ocrx_word' id='word_1_95' title='bbox 1006 1222 1053 1280; x_wconf 86' lang='lat' dir='ltr'><strong>tot</strong></span> <span class='ocrx_word' id='word_1_96' title='bbox 1075 1221 1120 1277; x_wconf 93' lang='lat' dir='ltr'><strong>in-</strong></span> 
     </span>
     <span class='ocr_line' id='line_1_13' title="bbox 101 1305 1121 1384; baseline 0.001 -18"><span class='ocrx_word' id='word_1_97' title='bbox 101 1308 185 1366; x_wconf 72' lang='lat' dir='ltr'><strong>eece</strong></span> <span class='ocrx_word' id='word_1_98' title='bbox 207 1305 432 1382; x_wconf 81' lang='lat' dir='ltr'><strong>promitterem?</strong></span> <span class='ocrx_word' id='word_1_99' title='bbox 477 1309 571 1368; x_wconf 88' lang='lat' dir='ltr'><strong>testor</strong></span> <span class='ocrx_word' id='word_1_100' title='bbox 597 1309 642 1382; x_wconf 87' lang='lat' dir='ltr'><strong>te,</strong></span> <span class='ocrx_word' id='word_1_101' title='bbox 669 1311 778 1368; x_wconf 82' lang='lat' dir='ltr'><strong>misera</strong></span> <span class='ocrx_word' id='word_1_102' title='bbox 800 1309 993 1382; x_wconf 83' lang='lat' dir='ltr'><strong>conscientia,</strong></span> <span class='ocrx_word' id='word_1_103' title='bbox 1023 1311 1066 1384; x_wconf 84' lang='lat' dir='ltr'><strong>et,</strong></span> <span class='ocrx_word' id='word_1_104' title='bbox 1093 1312 1121 1368; x_wconf 90' lang='lat' dir='ltr'><strong>si</strong></span> 
     </span>
     <span class='ocr_line' id='line_1_14' title="bbox 101 1395 1119 1473; baseline 0.002 -19"><span class='ocrx_word' id='word_1_105' title='bbox 101 1395 184 1470; x_wconf 84' lang='lat' dir='ltr'><strong>quod</strong></span> <span class='ocrx_word' id='word_1_106' title='bbox 210 1413 264 1454; x_wconf 87' lang='lat' dir='ltr'><strong>nos</strong></span> <span class='ocrx_word' id='word_1_107' title='bbox 286 1397 318 1453; x_wconf 91' lang='lat' dir='ltr'><strong>in</strong></span> <span class='ocrx_word' id='word_1_108' title='bbox 345 1396 400 1454; x_wconf 87' lang='lat' dir='ltr'><strong>illa</strong></span> <span class='ocrx_word' id='word_1_109' title='bbox 422 1398 598 1456; x_wconf 76' lang='lat' dir='ltr'><strong>necessitate</strong></span> <span class='ocrx_word' id='word_1_110' title='bbox 621 1416 731 1456; x_wconf 87' lang='lat' dir='ltr'><strong>numen</strong></span> <span class='ocrx_word' id='word_1_111' title='bbox 754 1399 884 1473; x_wconf 85' lang='lat' dir='ltr'><strong>aspexit,</strong></span> <span class='ocrx_word' id='word_1_112' title='bbox 913 1401 1058 1473; x_wconf 85' lang='lat' dir='ltr'><strong>quantum</strong></span> <span class='ocrx_word' id='word_1_113' title='bbox 1080 1400 1119 1458; x_wconf 84' lang='lat' dir='ltr'><strong>si-</strong></span> 
     </span>
     <span class='ocr_line' id='line_1_15' title="bbox 101 1484 1119 1561; baseline 0.001 -17"><span class='ocrx_word' id='word_1_114' title='bbox 101 1503 169 1544; x_wconf 84' lang='lat' dir='ltr'><strong>mns</strong></span> <span class='ocrx_word' id='word_1_115' title='bbox 195 1484 287 1544; x_wconf 86' lang='lat' dir='ltr'><strong>rixati</strong></span> <span class='ocrx_word' id='word_1_116' title='bbox 313 1485 391 1545; x_wconf 84' lang='lat' dir='ltr'><strong>cirea</strong></span> <span class='ocrx_word' id='word_1_117' title='bbox 419 1487 551 1559; x_wconf 61' lang='lat' dir='ltr'><strong>amnas,</strong></span> <span class='ocrx_word' id='word_1_118' title='bbox 584 1505 674 1561; x_wconf 87' lang='lat' dir='ltr'><strong>quam</strong></span> <span class='ocrx_word' id='word_1_119' title='bbox 706 1488 807 1545; x_wconf 89' lang='lat' dir='ltr'><strong>omnia</strong></span> <span class='ocrx_word' id='word_1_120' title='bbox 838 1488 972 1560; x_wconf 85' lang='lat' dir='ltr'><strong>fecerim,</strong></span> <span class='ocrx_word' id='word_1_121' title='bbox 1005 1491 1040 1545; x_wconf 89' lang='lat' dir='ltr'><strong>ut</strong></span> <span class='ocrx_word' id='word_1_122' title='bbox 1067 1487 1119 1545; x_wconf 87' lang='lat' dir='ltr'><strong>illc</strong></span> 
     </span>
     <span class='ocr_line' id='line_1_16' title="bbox 63 1573 563 1649; baseline -0.002 -16"><span class='ocrx_word' id='word_1_123' title='bbox 63 1591 88 1633; x_wconf 68' lang='grc' dir='ltr'><strong>ιε</strong></span> <span class='ocrx_word' id='word_1_124' title='bbox 102 1574 205 1649; x_wconf 89' lang='lat' dir='ltr'><strong>potius</strong></span> <span class='ocrx_word' id='word_1_125' title='bbox 228 1574 344 1632; x_wconf 83' lang='lat' dir='ltr'><strong>veniret</strong></span> <span class='ocrx_word' id='word_1_126' title='bbox 367 1573 405 1632; x_wconf 92' lang='lat' dir='ltr'><strong>ad</strong></span> <span class='ocrx_word' id='word_1_127' title='bbox 427 1576 563 1634; x_wconf 81' lang='lat' dir='ltr'><strong>matrem.</strong></span> 
     </span>
    </p>

    <p class='ocr_par' dir='ltr' id='par_1_4' title="bbox 100 1661 1172 2009">
     <span class='ocr_line' id='line_1_17' title="bbox 170 1661 1172 1741; baseline -0.001 -21"><span class='ocrx_word' id='word_1_128' title='bbox 170 1661 288 1737; x_wconf 82' lang='lat' dir='ltr'><strong>Fsteor,</strong></span> <span class='ocrx_word' id='word_1_129' title='bbox 313 1663 439 1739; x_wconf 87' lang='lat' dir='ltr'><strong>iudices,</strong></span> <span class='ocrx_word' id='word_1_130' title='bbox 464 1665 551 1722; x_wconf 86' lang='lat' dir='ltr'><strong>unius</strong></span> <span class='ocrx_word' id='word_1_131' title='bbox 575 1664 766 1741; x_wconf 77' lang='lat' dir='ltr'><strong>cogitationis</strong></span> <span class='ocrx_word' id='word_1_132' title='bbox 788 1665 902 1740; x_wconf 90' lang='lat' dir='ltr'><strong>pudore</strong></span> <span class='ocrx_word' id='word_1_133' title='bbox 924 1666 1021 1724; x_wconf 88' lang='lat' dir='ltr'><strong>vietus</strong></span> <span class='ocrx_word' id='word_1_134' title='bbox 1044 1664 1172 1738; x_wconf 81' lang='lat' dir='ltr'><strong>sum,10</strong></span> 
     </span>
     <span class='ocr_line' id='line_1_18' title="bbox 101 1750 1119 1829; baseline 0.003 -19"><span class='ocrx_word' id='word_1_135' title='bbox 101 1750 183 1826; x_wconf 87' lang='lat' dir='ltr'><strong>qnod</strong></span> <span class='ocrx_word' id='word_1_136' title='bbox 204 1754 269 1810; x_wconf 86' lang='lat' dir='ltr'><strong>tam</strong></span> <span class='ocrx_word' id='word_1_137' title='bbox 291 1753 394 1829; x_wconf 84' lang='lat' dir='ltr'><strong>magni</strong></span> <span class='ocrx_word' id='word_1_138' title='bbox 415 1752 551 1812; x_wconf 85' lang='lat' dir='ltr'><strong>beneficii</strong></span> <span class='ocrx_word' id='word_1_139' title='bbox 574 1752 782 1812; x_wconf 84' lang='lat' dir='ltr'><strong>difficultatem</strong></span> <span class='ocrx_word' id='word_1_140' title='bbox 805 1754 842 1812; x_wconf 88' lang='lat' dir='ltr'><strong>ab</strong></span> <span class='ocrx_word' id='word_1_141' title='bbox 867 1754 961 1813; x_wconf 90' lang='lat' dir='ltr'><strong>amico</strong></span> <span class='ocrx_word' id='word_1_142' title='bbox 987 1773 1047 1812; x_wconf 89' lang='lat' dir='ltr'><strong>non</strong></span> <span class='ocrx_word' id='word_1_143' title='bbox 1071 1773 1119 1814; x_wconf 90' lang='lat' dir='ltr'><strong>ac·</strong></span> 
     </span>
     <span class='ocr_line' id='line_1_19' title="bbox 101 1839 1118 1917; baseline -0.001 -17"><span class='ocrx_word' id='word_1_144' title='bbox 101 1841 215 1916; x_wconf 81' lang='lat' dir='ltr'><strong>cipere,</strong></span> <span class='ocrx_word' id='word_1_145' title='bbox 242 1839 376 1899; x_wconf 87' lang='lat' dir='ltr'><strong>adfectus</strong></span> <span class='ocrx_word' id='word_1_146' title='bbox 402 1841 561 1901; x_wconf 82' lang='lat' dir='ltr'><strong>videbatur</strong></span> <span class='ocrx_word' id='word_1_147' title='bbox 587 1843 715 1901; x_wconf 89' lang='lat' dir='ltr'><strong>hominia</strong></span> <span class='ocrx_word' id='word_1_148' title='bbox 752 1844 805 1917; x_wconf 91' lang='lat' dir='ltr'><strong>qui</strong></span> <span class='ocrx_word' id='word_1_149' title='bbox 840 1861 900 1902; x_wconf 92' lang='lat' dir='ltr'><strong>non</strong></span> <span class='ocrx_word' id='word_1_150' title='bbox 937 1843 1118 1903; x_wconf 85' lang='lat' dir='ltr'><strong>credidisset.</strong></span> 
     </span>
     <span class='ocr_line' id='line_1_20' title="bbox 100 1931 1118 2009; baseline -0.001 -20"><span class='ocrx_word' id='word_1_151' title='bbox 100 1931 254 2005; x_wconf 76' lang='lat' dir='ltr'><strong>miserere,</strong></span> <span class='ocrx_word' id='word_1_152' title='bbox 281 1931 385 2004; x_wconf 83' lang='lat' dir='ltr'><strong>mater,</strong></span> <span class='ocrx_word' id='word_1_153' title='bbox 413 1950 450 1990; x_wconf 90' lang='lat' dir='ltr'><strong>ne</strong></span> <span class='ocrx_word' id='word_1_154' title='bbox 476 1949 524 1988; x_wconf 89' lang='lat' dir='ltr'><strong>me</strong></span> <span class='ocrx_word' id='word_1_155' title='bbox 552 1931 683 1990; x_wconf 88' lang='lat' dir='ltr'><strong>solutum</strong></span> <span class='ocrx_word' id='word_1_156' title='bbox 704 1934 806 2006; x_wconf 88' lang='lat' dir='ltr'><strong>putes,</strong></span> <span class='ocrx_word' id='word_1_157' title='bbox 833 1932 963 1990; x_wconf 89' lang='lat' dir='ltr'><strong>amicum</strong></span> <span class='ocrx_word' id='word_1_158' title='bbox 986 1931 1118 2009; x_wconf 77' lang='lat' dir='ltr'><strong>alligavi.</strong></span> 
     </span>
    </p>

    <p class='ocr_par' dir='ltr' id='par_1_5' title="bbox 64 2018 1120 2810">
     <span class='ocr_line' id='line_1_21' title="bbox 64 2018 1119 2098; baseline 0.001 -21"><span class='ocrx_word' id='word_1_159' title='bbox 64 2018 158 2077; x_wconf 77' lang='lat' dir='ltr'><strong>robae</strong></span> <span class='ocrx_word' id='word_1_160' title='bbox 187 2019 258 2078; x_wconf 91' lang='lat' dir='ltr'><strong>sunt</strong></span> <span class='ocrx_word' id='word_1_161' title='bbox 285 2021 407 2078; x_wconf 84' lang='lat' dir='ltr'><strong>catenae</strong></span> <span class='ocrx_word' id='word_1_162' title='bbox 430 2038 506 2096; x_wconf 92' lang='lat' dir='ltr'><strong>quae</strong></span> <span class='ocrx_word' id='word_1_163' title='bbox 529 2022 635 2098; x_wconf 73' lang='lat' dir='ltr'><strong>tegrmt</strong></span> <span class='ocrx_word' id='word_1_164' title='bbox 661 2019 806 2094; x_wconf 85' lang='lat' dir='ltr'><strong>membra,</strong></span> <span class='ocrx_word' id='word_1_165' title='bbox 835 2039 910 2096; x_wconf 85' lang='lat' dir='ltr'><strong>quae</strong></span> <span class='ocrx_word' id='word_1_166' title='bbox 933 2040 987 2097; x_wconf 86' lang='lat' dir='ltr'><strong>per</strong></span> <span class='ocrx_word' id='word_1_167' title='bbox 1014 2023 1119 2094; x_wconf 86' lang='lat' dir='ltr'><strong>maria,</strong></span> 
     </span>
     <span class='ocr_line' id='line_1_22' title="bbox 101 2106 1120 2188; baseline 0.001 -21"><span class='ocrx_word' id='word_1_168' title='bbox 101 2127 155 2183; x_wconf 89' lang='lat' dir='ltr'><strong>per</strong></span> <span class='ocrx_word' id='word_1_169' title='bbox 181 2106 301 2166; x_wconf 85' lang='lat' dir='ltr'><strong>infinita</strong></span> <span class='ocrx_word' id='word_1_170' title='bbox 328 2110 475 2166; x_wconf 87' lang='lat' dir='ltr'><strong>terrarum</strong></span> <span class='ocrx_word' id='word_1_171' title='bbox 502 2111 601 2184; x_wconf 87' lang='lat' dir='ltr'><strong>spatia</strong></span> <span class='ocrx_word' id='word_1_172' title='bbox 628 2109 820 2188; x_wconf 73' lang='lat' dir='ltr'><strong>rastringtmt.</strong></span> <span class='ocrx_word' id='word_1_173' title='bbox 866 2110 909 2168; x_wconf 91' lang='lat' dir='ltr'><strong>sic</strong></span> <span class='ocrx_word' id='word_1_174' title='bbox 936 2128 995 2167; x_wconf 90' lang='lat' dir='ltr'><strong>non</strong></span> <span class='ocrx_word' id='word_1_175' title='bbox 1020 2111 1120 2184; x_wconf 87' lang='lat' dir='ltr'><strong>potest</strong></span> 
     </span>
     <span class='ocr_line' id='line_1_23' title="bbox 101 2195 1120 2275; baseline 0 -19"><span class='ocrx_word' id='word_1_176' title='bbox 101 2215 203 2256; x_wconf 86' lang='lat' dir='ltr'><strong>carcer</strong></span> <span class='ocrx_word' id='word_1_177' title='bbox 225 2195 350 2274; x_wconf 80' lang='lat' dir='ltr'><strong>effringi.</strong></span> <span class='ocrx_word' id='word_1_178' title='bbox 386 2197 505 2256; x_wconf 87' lang='lat' dir='ltr'><strong>invideo</strong></span> <span class='ocrx_word' id='word_1_179' title='bbox 528 2200 670 2273; x_wconf 80' lang='lat' dir='ltr'><strong>tyranno3</strong></span> <span class='ocrx_word' id='word_1_180' title='bbox 693 2200 750 2258; x_wconf 88' lang='lat' dir='ltr'><strong>soit</strong></span> <span class='ocrx_word' id='word_1_181' title='bbox 772 2198 896 2275; x_wconf 86' lang='lat' dir='ltr'><strong>alligare</strong></span> <span class='ocrx_word' id='word_1_182' title='bbox 920 2199 1039 2271; x_wconf 86' lang='lat' dir='ltr'><strong>amices,</strong></span> <span class='ocrx_word' id='word_1_183' title='bbox 1062 2199 1120 2257; x_wconf 87' lang='lat' dir='ltr'><strong>soit</strong></span> 
     </span>
     <span class='ocr_line' id='line_1_24' title="bbox 100 2285 1119 2362; baseline 0.001 -18"><span class='ocrx_word' id='word_1_184' title='bbox 100 2287 203 2344; x_wconf 89' lang='lat' dir='ltr'><strong>tenere</strong></span> <span class='ocrx_word' id='word_1_185' title='bbox 230 2285 395 2344; x_wconf 90' lang='lat' dir='ltr'><strong>dimissum.</strong></span> <span class='ocrx_word' id='word_1_186' title='bbox 439 2288 549 2345; x_wconf 89' lang='lat' dir='ltr'><strong>iterum</strong></span> <span class='ocrx_word' id='word_1_187' title='bbox 576 2305 611 2346; x_wconf 89' lang='lat' dir='ltr'><strong>ae</strong></span> <span class='ocrx_word' id='word_1_188' title='bbox 638 2286 762 2346; x_wconf 88' lang='lat' dir='ltr'><strong>subinde</strong></span> <span class='ocrx_word' id='word_1_189' title='bbox 789 2288 970 2362; x_wconf 81' lang='lat' dir='ltr'><strong>proclamem</strong></span> <span class='ocrx_word' id='word_1_190' title='bbox 1001 2305 1119 2347; x_wconf 89' lang='lat' dir='ltr'><strong>necesse</strong></span> 
     </span>
     <span class='ocr_line' id='line_1_25' title="bbox 103 2375 1119 2454; baseline 0.001 -21"><span class='ocrx_word' id='word_1_191' title='bbox 103 2376 161 2434; x_wconf 86' lang='lat' dir='ltr'><strong>est:</strong></span> <span class='ocrx_word' id='word_1_192' title='bbox 184 2393 240 2452; x_wconf 85' lang='lat' dir='ltr'><strong>ego</strong></span> <span class='ocrx_word' id='word_1_193' title='bbox 260 2375 389 2433; x_wconf 88' lang='lat' dir='ltr'><strong>amioum</strong></span> <span class='ocrx_word' id='word_1_194' title='bbox 405 2394 505 2434; x_wconf 91' lang='lat' dir='ltr'><strong>meum</strong></span> <span class='ocrx_word' id='word_1_195' title='bbox 523 2375 648 2454; x_wconf 82' lang='lat' dir='ltr'><strong>alligari</strong></span> <span class='ocrx_word' id='word_1_196' title='bbox 671 2379 709 2451; x_wconf 89' lang='lat' dir='ltr'><strong>et,</strong></span> <span class='ocrx_word' id='word_1_197' title='bbox 727 2378 762 2434; x_wconf 91' lang='lat' dir='ltr'><strong>ut</strong></span> <span class='ocrx_word' id='word_1_198' title='bbox 779 2378 810 2434; x_wconf 91' lang='lat' dir='ltr'><strong>te</strong></span> <span class='ocrx_word' id='word_1_199' title='bbox 828 2375 969 2452; x_wconf 81' lang='lat' dir='ltr'><strong>viderem,</strong></span> <span class='ocrx_word' id='word_1_200' title='bbox 991 2390 1119 2451; x_wconf 88' lang='lat' dir='ltr'><strong>poenam</strong></span> 
     </span>
     <span class='ocr_line' id='line_1_26' title="bbox 68 2464 1119 2541; baseline 0.008 -23"><span class='ocrx_word' id='word_1_201' title='bbox 68 2479 201 2523; x_wconf 75' lang='lat' dir='ltr'><strong>samem</strong></span> <span class='ocrx_word' id='word_1_202' title='bbox 224 2464 319 2523; x_wconf 88' lang='lat' dir='ltr'><strong>altero</strong></span> <span class='ocrx_word' id='word_1_203' title='bbox 341 2464 459 2524; x_wconf 89' lang='lat' dir='ltr'><strong>homine</strong></span> <span class='ocrx_word' id='word_1_204' title='bbox 482 2464 613 2541; x_wconf 88' lang='lat' dir='ltr'><strong>implevi.</strong></span> <span class='ocrx_word' id='word_1_205' title='bbox 651 2464 719 2541; x_wconf 77' lang='lat' dir='ltr'><strong>scio,</strong></span> <span class='ocrx_word' id='word_1_206' title='bbox 744 2484 802 2539; x_wconf 92' lang='lat' dir='ltr'><strong>quo</strong></span> <span class='ocrx_word' id='word_1_207' title='bbox 824 2465 880 2524; x_wconf 88' lang='lat' dir='ltr'><strong>hoo</strong></span> <span class='ocrx_word' id='word_1_208' title='bbox 899 2466 1011 2524; x_wconf 86' lang='lat' dir='ltr'><strong>amicus</strong></span> <span class='ocrx_word' id='word_1_209' title='bbox 1033 2484 1119 2541; x_wconf 82' lang='lat' dir='ltr'><strong>prac-</strong></span> 
     </span>
     <span class='ocr_line' id='line_1_27' title="bbox 101 2552 1118 2630; baseline -0.001 -18"><span class='ocrx_word' id='word_1_210' title='bbox 101 2552 215 2612; x_wconf 78' lang='lat' dir='ltr'><strong>stiterit</strong></span> <span class='ocrx_word' id='word_1_211' title='bbox 242 2553 356 2627; x_wconf 78' lang='lat' dir='ltr'><strong>enimc,</strong></span> <span class='ocrx_word' id='word_1_212' title='bbox 383 2553 436 2612; x_wconf 88' lang='lat' dir='ltr'><strong>sed</strong></span> <span class='ocrx_word' id='word_1_213' title='bbox 464 2572 518 2630; x_wconf 82' lang='lat' dir='ltr'><strong>ago</strong></span> <span class='ocrx_word' id='word_1_214' title='bbox 545 2573 608 2612; x_wconf 87' lang='lat' dir='ltr'><strong>rem</strong></span> <span class='ocrx_word' id='word_1_215' title='bbox 634 2554 694 2613; x_wconf 85' lang='lat' dir='ltr'><strong>feci</strong></span> <span class='ocrx_word' id='word_1_216' title='bbox 720 2553 848 2614; x_wconf 87' lang='lat' dir='ltr'><strong>hominis</strong></span> <span class='ocrx_word' id='word_1_217' title='bbox 876 2573 935 2613; x_wconf 90' lang='lat' dir='ltr'><strong>non</strong></span> <span class='ocrx_word' id='word_1_218' title='bbox 962 2556 1118 2613; x_wconf 81' lang='lat' dir='ltr'><strong>reversuri.</strong></span> 
     </span>
     <span class='ocr_line' id='line_1_28' title="bbox 102 2641 1118 2721; baseline 0.002 -21"><span class='ocrx_word' id='word_1_219' title='bbox 102 2643 254 2719; x_wconf 82' lang='lat' dir='ltr'><strong>interrogo</strong></span> <span class='ocrx_word' id='word_1_220' title='bbox 281 2641 338 2700; x_wconf 90' lang='lat' dir='ltr'><strong>hoc</strong></span> <span class='ocrx_word' id='word_1_221' title='bbox 364 2642 430 2701; x_wconf 88' lang='lat' dir='ltr'><strong>loco</strong></span> <span class='ocrx_word' id='word_1_222' title='bbox 459 2641 669 2718; x_wconf 78' lang='lat' dir='ltr'><strong>inpatientiam</strong></span> <span class='ocrx_word' id='word_1_223' title='bbox 701 2645 798 2716; x_wconf 86' lang='lat' dir='ltr'><strong>tuam,</strong></span> <span class='ocrx_word' id='word_1_224' title='bbox 829 2645 934 2716; x_wconf 82' lang='lat' dir='ltr'><strong>mater,</strong></span> <span class='ocrx_word' id='word_1_225' title='bbox 966 2643 1118 2721; x_wconf 81' lang='lat' dir='ltr'><strong>interrogo</strong></span> 
     </span>
     <span class='ocr_line' id='line_1_29' title="bbox 103 2731 1118 2810; baseline 0.003 -22"><span class='ocrx_word' id='word_1_226' title='bbox 103 2731 176 2806; x_wconf 75' lang='lat' dir='ltr'><strong>quid</strong></span> <span class='ocrx_word' id='word_1_227' title='bbox 201 2732 327 2803; x_wconf 82' lang='lat' dir='ltr'><strong>faceres,</strong></span> <span class='ocrx_word' id='word_1_228' title='bbox 354 2733 382 2790; x_wconf 92' lang='lat' dir='ltr'><strong>si</strong></span> <span class='ocrx_word' id='word_1_229' title='bbox 403 2750 457 2791; x_wconf 90' lang='lat' dir='ltr'><strong>nos</strong></span> <span class='ocrx_word' id='word_1_230' title='bbox 481 2731 519 2790; x_wconf 92' lang='lat' dir='ltr'><strong>ad</strong></span> <span class='ocrx_word' id='word_1_231' title='bbox 547 2733 577 2790; x_wconf 90' lang='lat' dir='ltr'><strong>te</strong></span> <span class='ocrx_word' id='word_1_232' title='bbox 599 2731 758 2790; x_wconf 88' lang='lat' dir='ltr'><strong>videndam</strong></span> <span class='ocrx_word' id='word_1_233' title='bbox 780 2731 949 2791; x_wconf 85' lang='lat' dir='ltr'><strong>deduxisset</strong></span> <span class='ocrx_word' id='word_1_234' title='bbox 977 2733 1118 2810; x_wconf 79' lang='lat' dir='ltr'><strong>alligatos</strong></span> 
     </span>
    </p>
   </div>
   <div class='ocr_carea' id='block_1_4' title="bbox 101 3005 1121 3507">
    <p class='ocr_par' dir='ltr' id='par_1_6' title="bbox 101 3005 1121 3507">
     <span class='ocr_line' id='line_1_30' title="bbox 175 3005 1069 3071; baseline 0 -10"><span class='ocrx_word' id='word_1_235' title='bbox 175 3008 241 3061; x_wconf 87' lang='lat' dir='ltr'><strong>lat</strong></span> <span class='ocrx_word' id='word_1_236' title='bbox 258 3015 291 3060; x_wconf 95' lang='grc' dir='ltr'><em>Μ</em></span> <span class='ocrx_word' id='word_1_237' title='bbox 346 3005 418 3060; x_wconf 90' lang='lat' dir='ltr'><strong>illud</strong></span> <span class='ocrx_word' id='word_1_238' title='bbox 438 3020 473 3071; x_wconf 76' lang='lat' dir='ltr'><strong>po</strong></span> <span class='ocrx_word' id='word_1_239' title='bbox 525 3007 630 3061; x_wconf 87' lang='lat' dir='ltr'><strong>cubile:</strong></span> <span class='ocrx_word' id='word_1_240' title='bbox 650 3007 791 3062; x_wconf 85' lang='lat' dir='ltr'><strong>custodire</strong></span> <span class='ocrx_word' id='word_1_241' title='bbox 809 3017 842 3061; x_wconf 99' lang='grc' dir='ltr'><em>Μ</em></span> <span class='ocrx_word' id='word_1_242' title='bbox 910 3008 1029 3062; x_wconf 81' lang='lat' dir='ltr'><strong>3unius</strong></span> <span class='ocrx_word' id='word_1_243' title='bbox 1048 3018 1069 3061; x_wconf 58' lang='grc' dir='ltr'><strong>ι’</strong></span> 
     </span>
     <span class='ocr_line' id='line_1_31' title="bbox 101 3076 1118 3147; baseline 0 -15"><span class='ocrx_word' id='word_1_244' title='bbox 101 3076 176 3132; x_wconf 82' lang='lat' dir='ltr'><strong>urite</strong></span> <span class='ocrx_word' id='word_1_245' title='bbox 189 3094 240 3133; x_wconf 85' lang='lat' dir='ltr'><strong>om.</strong></span> <span class='ocrx_word' id='word_1_246' title='bbox 254 3079 287 3132; x_wconf 78' lang='lat' dir='ltr'><strong>ic</strong></span> <span class='ocrx_word' id='word_1_247' title='bbox 304 3079 407 3134; x_wconf 71' lang='lat' dir='ltr'><strong>locusta</strong></span> <span class='ocrx_word' id='word_1_248' title='bbox 420 3088 447 3133; x_wconf 81' lang='lat' dir='ltr'><em>P</em></span> <span class='ocrx_word' id='word_1_249' title='bbox 501 3083 534 3132; x_wconf 91' lang='lat'><strong>10</strong></span> <span class='ocrx_word' id='word_1_250' title='bbox 552 3078 679 3133; x_wconf 85' lang='lat' dir='ltr'><strong>membra</strong></span> <span class='ocrx_word' id='word_1_251' title='bbox 692 3095 725 3134; x_wconf 76' lang='lat' dir='ltr'><strong>ca</strong></span> <span class='ocrx_word' id='word_1_252' title='bbox 738 3080 862 3134; x_wconf 87' lang='lat' dir='ltr'><strong>membre</strong></span> <span class='ocrx_word' id='word_1_253' title='bbox 875 3088 914 3147; x_wconf 71' lang='lat'><strong>113</strong></span> <span class='ocrx_word' id='word_1_254' title='bbox 932 3079 1065 3133; x_wconf 81' lang='lat' dir='ltr'><strong>membris</strong></span> <span class='ocrx_word' id='word_1_255' title='bbox 1080 3088 1118 3145; x_wconf 87' lang='grc' dir='ltr'><strong>Μ,</strong></span> 
     </span>
     <span class='ocr_line' id='line_1_32' title="bbox 101 3137 1121 3226; baseline -0.002 -22"><span class='ocrx_word' id='word_1_256' title='bbox 101 3164 171 3204; x_wconf 84' lang='lat' dir='ltr'><strong>corr.</strong></span> <span class='ocrx_word' id='word_1_257' title='bbox 186 3170 218 3202; x_wconf 76' lang='lat' dir='ltr'><strong>m</strong></span> <span class='ocrx_word' id='word_1_258' title='bbox 273 3155 304 3203; x_wconf 93' lang='lat'><strong>11</strong></span> <span class='ocrx_word' id='word_1_259' title='bbox 325 3137 483 3226; x_wconf 57' lang='lat' dir='ltr'><strong>exuetdrem</strong></span> <span class='ocrx_word' id='word_1_260' title='bbox 496 3157 535 3217; x_wconf 74' lang='lat'><strong>133</strong></span> <span class='ocrx_word' id='word_1_261' title='bbox 555 3152 712 3204; x_wconf 81' lang='lat' dir='ltr'><strong>excuterem</strong></span> <span class='ocrx_word' id='word_1_262' title='bbox 726 3158 758 3202; x_wconf 96' lang='grc' dir='ltr'><em>Μ</em></span> <span class='ocrx_word' id='word_1_263' title='bbox 811 3155 844 3205; x_wconf 86' lang='grc'><strong>13</strong></span> <span class='ocrx_word' id='word_1_264' title='bbox 863 3166 964 3204; x_wconf 84' lang='lat' dir='ltr'><strong>nomen</strong></span> <span class='ocrx_word' id='word_1_265' title='bbox 979 3149 1121 3220; x_wconf 74' lang='lat' dir='ltr'><strong>aspexitv</strong></span> 
     </span>
     <span class='ocr_line' id='line_1_33' title="bbox 103 3219 1047 3292; baseline 0.002 -18"><span class='ocrx_word' id='word_1_266' title='bbox 103 3226 135 3274; x_wconf 76' lang='lat'><strong>1⁷</strong></span> <span class='ocrx_word' id='word_1_267' title='bbox 156 3219 313 3290; x_wconf 86' lang='lat' dir='ltr'><strong>acciperem</strong></span> <span class='ocrx_word' id='word_1_268' title='bbox 330 3230 352 3272; x_wconf 75' lang='lat' dir='ltr'><strong><em>V</em></strong></span> <span class='ocrx_word' id='word_1_269' title='bbox 422 3227 454 3275; x_wconf 88' lang='lat'><strong>18</strong></span> <span class='ocrx_word' id='word_1_270' title='bbox 474 3219 589 3276; x_wconf 85' lang='lat' dir='ltr'><strong>effeetus</strong></span> <span class='ocrx_word' id='word_1_271' title='bbox 607 3229 640 3274; x_wconf 97' lang='grc' dir='ltr'><em>Μ</em></span> <span class='ocrx_word' id='word_1_272' title='bbox 703 3225 737 3273; x_wconf 91' lang='grc'><strong>20</strong></span> <span class='ocrx_word' id='word_1_273' title='bbox 756 3221 827 3276; x_wconf 86' lang='lat' dir='ltr'><strong>haec</strong></span> <span class='ocrx_word' id='word_1_274' title='bbox 844 3231 873 3275; x_wconf 78' lang='lat' dir='ltr'><em>B</em></span> <span class='ocrx_word' id='word_1_275' title='bbox 890 3223 933 3292; x_wconf 80' lang='lat' dir='ltr'><strong>(cor</strong></span> <span class='ocrx_word' id='word_1_276' title='bbox 950 3222 1047 3292; x_wconf 57' lang='lat' dir='ltr'><strong>haum</strong></span> 
     </span>
     <span class='ocr_line' id='line_1_34' title="bbox 101 3291 1120 3363; baseline 0.001 -18"><span class='ocrx_word' id='word_1_277' title='bbox 101 3292 213 3362; x_wconf 80' lang='lat' dir='ltr'><strong>tegant:</strong></span> <span class='ocrx_word' id='word_1_278' title='bbox 232 3307 249 3345; x_wconf 87' lang='lat' dir='ltr'><strong>e</strong></span> <span class='ocrx_word' id='word_1_279' title='bbox 267 3301 433 3347; x_wconf 65' lang='lat' dir='ltr'><strong>escorni!</strong></span> <span class='ocrx_word' id='word_1_280' title='bbox 502 3298 535 3346; x_wconf 92' lang='grc'><strong>21</strong></span> <span class='ocrx_word' id='word_1_281' title='bbox 555 3292 602 3345; x_wconf 90' lang='lat' dir='ltr'><strong>hio</strong></span> <span class='ocrx_word' id='word_1_282' title='bbox 620 3292 680 3348; x_wconf 77' lang='lat' dir='ltr'><strong>Sed.</strong></span> <span class='ocrx_word' id='word_1_283' title='bbox 745 3297 778 3345; x_wconf 95' lang='grc'><strong>22</strong></span> <span class='ocrx_word' id='word_1_284' title='bbox 798 3309 907 3347; x_wconf 87' lang='lat' dir='ltr'><strong>carcere</strong></span> <span class='ocrx_word' id='word_1_285' title='bbox 926 3314 945 3345; x_wconf 82' lang='grc' dir='ltr'><strong><em>α</em></strong></span> <span class='ocrx_word' id='word_1_286' title='bbox 1005 3291 1074 3363; x_wconf 75' lang='lat' dir='ltr'><strong>fingi</strong></span> <span class='ocrx_word' id='word_1_287' title='bbox 1091 3302 1120 3346; x_wconf 80' lang='grc' dir='ltr'><strong><em>Β</em></strong></span> 
     </span>
     <span class='ocr_line' id='line_1_35' title="bbox 101 3361 1049 3434; baseline 0.003 -19"><span class='ocrx_word' id='word_1_288' title='bbox 101 3361 127 3432; x_wconf 82' lang='lat' dir='ltr'><strong>(f</strong></span> <span class='ocrx_word' id='word_1_289' title='bbox 141 3363 318 3432; x_wconf 73' lang='lat' dir='ltr'><strong>supr.c)M;</strong></span> <span class='ocrx_word' id='word_1_290' title='bbox 336 3362 418 3434; x_wconf 77' lang='lat' dir='ltr'><strong>fungi</strong></span> <span class='ocrx_word' id='word_1_291' title='bbox 436 3373 458 3415; x_wconf 81' lang='lat' dir='ltr'><strong><em>V</em></strong></span> <span class='ocrx_word' id='word_1_292' title='bbox 531 3363 636 3418; x_wconf 86' lang='lat' dir='ltr'><strong>amieos</strong></span> <span class='ocrx_word' id='word_1_293' title='bbox 655 3379 705 3417; x_wconf 85' lang='lat' dir='ltr'><strong>om.</strong></span> <span class='ocrx_word' id='word_1_294' title='bbox 724 3372 746 3415; x_wconf 77' lang='lat' dir='ltr'><strong><em>V</em></strong></span> <span class='ocrx_word' id='word_1_295' title='bbox 822 3368 856 3417; x_wconf 83' lang='grc'><strong>24</strong></span> <span class='ocrx_word' id='word_1_296' title='bbox 874 3366 919 3418; x_wconf 89' lang='lat' dir='ltr'><strong>ut:</strong></span> <span class='ocrx_word' id='word_1_297' title='bbox 938 3366 1003 3418; x_wconf 83' lang='lat' dir='ltr'><strong>utut</strong></span> <span class='ocrx_word' id='word_1_298' title='bbox 1020 3373 1049 3418; x_wconf 78' lang='grc' dir='ltr'>Ι</span> 
     </span>
     <span class='ocr_line' id='line_1_36' title="bbox 102 3433 1117 3507; baseline 0.003 -20"><span class='ocrx_word' id='word_1_299' title='bbox 102 3439 136 3488; x_wconf 75' lang='grc'><strong>26</strong></span> <span class='ocrx_word' id='word_1_300' title='bbox 155 3433 299 3504; x_wconf 83' lang='lat' dir='ltr'><strong>praestitit</strong></span> <span class='ocrx_word' id='word_1_301' title='bbox 317 3434 430 3505; x_wconf 66' lang='lat' dir='ltr'><strong>animo}</strong></span> <span class='ocrx_word' id='word_1_302' title='bbox 448 3437 477 3488; x_wconf 87' lang='lat' dir='ltr'><strong>et</strong></span> <span class='ocrx_word' id='word_1_303' title='bbox 495 3436 518 3503; x_wconf 93' lang='lat' dir='ltr'><strong>(s</strong></span> <span class='ocrx_word' id='word_1_304' title='bbox 537 3436 584 3504; x_wconf 83' lang='lat' dir='ltr'><strong>er.)</strong></span> <span class='ocrx_word' id='word_1_305' title='bbox 599 3443 631 3487; x_wconf 96' lang='grc' dir='ltr'><em>Μ</em></span> <span class='ocrx_word' id='word_1_306' title='bbox 700 3439 734 3488; x_wconf 88' lang='grc'><strong>28</strong></span> <span class='ocrx_word' id='word_1_307' title='bbox 756 3434 781 3487; x_wconf 85' lang='lat' dir='ltr'><strong>si</strong></span> <span class='ocrx_word' id='word_1_308' title='bbox 799 3452 849 3488; x_wconf 89' lang='lat' dir='ltr'><strong>nos</strong></span> <span class='ocrx_word' id='word_1_309' title='bbox 868 3452 918 3490; x_wconf 75' lang='lat' dir='ltr'><strong>ooo.</strong></span> <span class='ocrx_word' id='word_1_310' title='bbox 939 3441 965 3490; x_wconf 87' lang='lat' dir='ltr'><strong>et</strong></span> <span class='ocrx_word' id='word_1_311' title='bbox 982 3435 1014 3489; x_wconf 80' lang='lat' dir='ltr'><strong>ic</strong></span> <span class='ocrx_word' id='word_1_312' title='bbox 1031 3453 1117 3507; x_wconf 68' lang='lat' dir='ltr'><strong>moro.</strong></span> 
     </span>
    </p>
   </div>
   <div class='ocr_carea' id='block_1_5' title="bbox 101 3523 965 3610">
    <p class='ocr_par' dir='ltr' id='par_1_7' title="bbox 101 3523 965 3610">
     <span class='ocr_line' id='line_1_37' title="bbox 101 3523 965 3610; baseline -0.001 -14"><span class='ocrx_word' id='word_1_313' title='bbox 101 3541 166 3596; x_wconf 74' lang='lat' dir='ltr'><strong>aaa.</strong></span> <span class='ocrx_word' id='word_1_314' title='bbox 186 3550 208 3594; x_wconf 76' lang='lat' dir='ltr'><strong>r</strong></span> <span class='ocrx_word' id='word_1_315' title='bbox 276 3540 401 3596; x_wconf 65' lang='lat' dir='ltr'><strong>amesa</strong></span> <span class='ocrx_word' id='word_1_316' title='bbox 416 3551 457 3609; x_wconf 69' lang='lat' dir='ltr'><strong>n·</strong></span> <span class='ocrx_word' id='word_1_317' title='bbox 475 3523 638 3596; x_wconf 72' lang='lat' dir='ltr'><strong>aeaunsstt</strong></span> <span class='ocrx_word' id='word_1_318' title='bbox 655 3551 686 3610; x_wconf 68' lang='lat' dir='ltr'><strong>u</strong></span> <span class='ocrx_word' id='word_1_319' title='bbox 706 3540 897 3598; x_wconf 62' lang='lat' dir='ltr'><strong>deuenisse</strong></span> <span class='ocrx_word' id='word_1_320' title='bbox 917 3552 965 3596; x_wconf 75' lang='lat' dir='ltr'><strong>ne</strong></span> 
     </span>
    </p>
   </div>
   <div class='ocr_carea' id='block_1_6' title="bbox 0 0 1208 3840">
    <p class='ocr_par' dir='ltr' id='par_1_8' title="bbox 0 0 1208 3840">
     <span class='ocr_line' id='line_1_38' title="bbox 0 0 1208 3840; baseline 0 0"><span class='ocrx_word' id='word_1_321' title='bbox 0 0 1208 3840; x_wconf 95' lang='lat' dir='ltr'><strong> </strong></span> 
     </span>
    </p>
   </div>
  </div>
 </body>
</html>
