2408 3840
448 164 682 220 DECLAMATIO
701 165 772 219 VIII.
1052 165 1116 230 367

101 335 228 395 eundem
250 334 341 394 fuisse
367 335 552 412 languorem.
594 353 680 412 rogo,
711 335 777 409 quis
804 335 837 392 in
859 334 921 393 ullo
945 334 1121 394 mortalium

99 425 179 484 ferat
213 424 416 501 ignorantiam
456 424 569 499 pariter
605 426 636 482 et
676 421 925 482 affirmaffionem?
985 425 1121 498 quisquis

99 514 195 573 nescit
219 512 291 587 quid
315 531 407 590 genus
432 512 586 590 languoris
606 515 655 586 sit,
678 531 737 571 non
760 514 859 587 potest
881 513 955 572 scire
979 532 1017 571 an
1039 511 1120 571 idem

100 604 148 661 sit
190 601 267 660 nihil
280 603 372 660 etiam
385 602 417 659 in
435 601 523 661 rebus
540 602 679 660 humanis
697 600 795 660 voluit
813 619 875 660 esse
893 621 993 660 rerum
1010 603 1121 660 natura
1191 665 1192 669 ,

75 693 165 752 eum
184 691 281 750 simile
299 689 380 766 quod
402 709 461 749 non
485 691 588 766 aliqua
605 691 790 766 proprietate
808 693 979 749 secerneret.
1017 709 1120 766 quam-

101 798 194 855 quam
216 798 286 856 ergo
316 781 377 838 sint
406 780 530 857 geminI,
561 778 619 838 duo
647 781 718 838 sunt
739 780 840 838 tamen
869 780 933 838 fato
960 779 1119 839 dissimiles

100 871 181 929 ment
203 870 233 926 et
255 871 391 943 tempora
417 869 586 928 nativitatis
610 869 753 928 distantia
780 870 811 927 et
838 868 904 927 duo.
946 870 1025 945 quod
1049 887 1121 946 ergo

100 959 216 1034 pariter
233 957 421 1034 languerimt,
444 976 504 1016 non
523 957 632 1016 accidit
649 959 795 1032 tanquam
813 957 955 1016 fratribus
973 957 1025 1017 sed
1042 960 1120 1016 tam-

103 1065 195 1122 quam
227 1046 349 1105 duobus.
405 1046 485 1122 quod
516 1048 596 1105 enim
625 1066 686 1106 non
718 1045 820 1105 eodem
854 1047 917 1106 fato
948 1047 1122 1124 languerint

63 1155 88 1196 ro
103 1136 224 1214 gemini,
246 1134 355 1210 probat
376 1136 432 1194 hoc
454 1135 534 1211 quod
552 1154 605 1194 nec
627 1137 752 1210 uterque
771 1136 882 1195 occisus
906 1138 951 1195 cst
968 1154 1022 1194 nec
1040 1137 1119 1194 uter-

103 1243 162 1299 que
181 1226 310 1285 sanatus.
352 1224 422 1283 dato
442 1226 533 1284 etiam
552 1224 631 1300 quod
649 1224 871 1300 desperaverint
889 1225 1005 1299 medici,
1022 1225 1121 1283 fatum

101 1313 257 1388 utriusque
280 1316 449 1388 exspectare
473 1314 609 1374 debuisti.
650 1314 706 1372 hac
729 1314 808 1373 enim
831 1313 1002 1373 condicione
1024 1315 1119 1373 nasci-

101 1421 178 1475 mur,
200 1404 235 1459 ut
257 1401 432 1476 moriamur,
455 1422 514 1462 non
537 1405 572 1462 ut
594 1402 775 1476 occidamur,
799 1404 829 1462 et
852 1422 919 1461 eum
942 1405 994 1478 qui
1016 1401 1121 1462 morbo

101 1490 227 1563 decedit,
249 1492 326 1556 mori
348 1491 486 1566 dicimus,
509 1511 577 1550 eum
600 1494 699 1551 autem
724 1494 776 1566 qui
798 1491 944 1551 violenter
966 1491 1120 1566 occiditur,

62 1579 227 1639 redicimus
249 1580 353 1656 perire.
398 1581 577 1656 stupendum
604 1583 650 1640 est
676 1583 706 1639 et
727 1583 899 1655 portentum
926 1582 1006 1656 quod
1027 1580 1120 1640 habes

99 1669 242 1746 paricidii
263 1669 455 1744 patientiam,
482 1689 542 1729 non
564 1669 654 1729 habes
684 1668 830 1729 orbitatis.
875 1688 935 1728 non
958 1672 1120 1745 exspectas,

101 1760 137 1816 ut
158 1757 215 1816 filii
236 1759 410 1832 morientur,
433 1758 484 1818 sed
507 1778 598 1817 unum
617 1758 759 1818 occidisti.
804 1759 941 1834 amplius,
966 1760 1037 1834 quia
1059 1777 1119 1817 me·

101 1847 170 1906 dico
193 1847 344 1905 credidisti
368 1849 420 1922 qui
441 1850 547 1907 contra
564 1846 786 1923 desperantium
808 1865 926 1907 sensum
949 1866 1041 1925 genus
1064 1847 1120 1905 ali-

102 1934 185 2010 quod
207 1937 345 1995 sanitatis
369 1936 479 1996 afforet.
519 1937 621 1996 forsan
644 1937 739 1996 adhuc
759 1938 945 1995 inveniretur
967 1936 1043 1995 alius
1067 1938 1120 2011 qui

61 2045 88 2083 so
102 2024 230 2082 laetiora
252 2025 433 2100 utilioraque
453 2027 650 2100 promitteret.
691 2044 744 2083 cur
761 2026 814 2084 isti
831 2027 931 2101 potius
956 2045 1046 2101 quam
1069 2024 1118 2083 de-

103 2112 292 2189 sperantibus
322 2114 443 2173 medicis
474 2114 576 2173 credis.
618 2133 704 2174 nemo
734 2116 830 2192 magIs
859 2114 997 2190 desperat
1027 2133 1120 2189 quam

103 2203 159 2277 qui
181 2220 211 2261 se
234 2205 326 2278 negat
352 2221 438 2263 nosse
463 2204 644 2281 languorem.
685 2205 838 2279 promittit
865 2203 1008 2278 quiequid
1029 2203 1120 2262 licere

103 2310 164 2349 non
194 2291 281 2350 debet
309 2310 363 2350 noc
392 2291 642 2370 intellegentibus.
690 2291 835 2368 ocudam,
869 2292 981 2368 inquit,
1012 2291 1119 2351 deinde

104 2380 225 2439 sanabo.
270 2399 331 2438 non
354 2383 398 2440 est
420 2383 507 2440 tanta
528 2383 624 2458 pietas
648 2400 765 2440 servare
787 2381 883 2439 filium
906 2383 1051 2458 quantum
1074 2382 1118 2440 fa·

63 2470 189 2528 necinus
208 2468 347 2530 occidere.
384 2473 544 2546 postquam
562 2471 693 2529 medicus
712 2470 840 2528 dixerat:
863 2489 923 2529 non
936 2471 1007 2529 novi
1026 2488 1120 2547 genus

103 2557 213 2631 morbi,
243 2559 368 2617 ulterius
403 2560 432 2618 ei
460 2579 520 2619 non
554 2560 658 2619 debuit
691 2579 780 2636 aeger
810 2559 970 2633 committi,
1000 2560 1120 2618 etiamsi

102 2648 255 2722 potionem
279 2648 307 2706 ei
329 2642 472 2727 velle[n]t
494 2649 670 2708 ministrare.
718 2648 858 2724 quoniam
878 2667 946 2725 crgo
966 2648 1119 2707 credidisti

104 2735 170 2808 sibi,
194 2755 260 2795 oum
283 2737 448 2796 subiunxit:
477 2739 503 2797 si
525 2739 695 2813 permiseris
718 2738 841 2796 alterius
864 2739 979 2813 aperire
1002 2737 1120 2811 vitalia,

103 2824 268 2883 remedium
285 2827 445 2885 Inveniam.
485 2827 606 2887 morbus
625 2828 704 2885 enim
727 2827 896 2886 estsimilis
918 2829 950 2884 in
973 2826 1119 2885 ambobus

63 2933 89 2972 so
104 2916 134 2972 et
156 2913 253 2974 latens
270 2915 405 2975 interius.
447 2918 477 2974 et
494 2915 571 2990 ideo,
594 2934 660 2974 cum
682 2918 836 2991 inspexero
854 2917 999 2975 interiora
1021 2917 1119 2989 unius,

104 3005 197 3062 sciam
219 3003 316 3062 morbi
338 3022 458 3064 causam
486 3007 519 3063 in
542 3005 650 3079 altero,
678 3005 728 3064 sed
751 3023 903 3080 nunquam
929 3005 1050 3064 facilius
1074 3007 1120 3063 est

104 3110 191 3151 nosse
222 3091 395 3170 languorem
428 3113 518 3169 quam
550 3096 625 3153 scire
658 3112 734 3168 quae
763 3092 924 3152 visceribus
954 3095 1044 3152 unius
1073 3095 1118 3151 in·

104 3182 214 3257 spectis
238 3183 347 3241 scietur
374 3200 463 3242 causa
485 3182 581 3241 morbi
602 3183 636 3241 in
658 3183 760 3241 altero.
802 3186 968 3257 praeterea,
997 3184 1024 3241 si
1046 3183 1118 3241 talis

105 3289 177 3328 cura
199 3271 299 3329 velere
321 3273 434 3346 potest,
462 3272 534 3347 quid
562 3276 619 3345 est,
647 3271 786 3347 antiquos
813 3271 904 3330 latuit
931 3289 985 3331 nec
1007 3271 1120 3348 legitur

62 3378 89 3419 :u
106 3359 182 3418 alias
201 3359 289 3418 faeta,
331 3360 410 3435 quod
432 3361 458 3419 ei
477 3361 558 3420 facte
581 3361 744 3438 aliquando
760 3361 868 3435 inerit,
884 3362 937 3418 ris
949 3361 1137 3432 tuoruum

100 3449 158 3504 lroc
175 3450 302 3520 experiri
317 3451 349 3505 in
372 3451 433 3509 isto
458 3452 541 3528 quod
559 3456 671 3515 nescis.
712 3455 884 3532 praetcrea
901 3448 1031 3506 ditione
1047 3441 1171 3524 sutas}

83 3535 177 3603 peter
202 3533 282 3592 benc
311 3539 533 3604 crudelitatem
565 3546 752 3622 debuisses,
781 3547 824 3605 ut
856 3531 1021 3619 qmcuu'rb
1051 3541 1098 3582 ’ὦ
1118 3515 1196 3570 Q
