2408 3840
146 152 210 214 178
548 149 757 204 GLADIATOR

144 321 218 377 meis
240 319 330 377 finem
352 319 418 377 dari
440 317 558 394 placet?
603 337 710 394 parum
732 322 777 376 est
799 318 879 393 qnod
900 320 1021 377 insanos
1044 318 1157 392 pertuli

145 408 251 466 fluctus
280 413 308 466 ct
332 408 428 466 saevis
454 407 682 482 tempestatibus
709 409 881 466 commissus
905 408 1029 467 arbitrio
1052 409 1156 467 vento

145 518 212 555 rum
242 495 390 573 pependi?
441 516 548 572 parum
580 502 638 570 est,
670 496 749 571 quod
780 497 812 554 in
843 497 973 555 nefarias
1003 497 1158 556 latronum

145 605 250 645 manus
272 586 384 661 praeda
406 588 536 661 perveni,
558 605 636 661 quae
658 587 765 643 ultima
782 585 930 644 malorum
947 585 1040 644 ctiam
1057 603 1157 644 servo·

145 696 211 732 rum
239 675 371 734 condicio
397 678 456 748 est,
483 675 546 733 sine
574 676 744 750 exceptione
767 673 902 733 venalis?
944 674 1014 733 inde
1041 694 1103 747 mc,
1131 676 1159 733 si
1183 696 1195 736 1

146 766 297 838 voluisset,
320 783 415 823 emere
438 766 538 839 potuit
557 764 702 822 inimicus.
738 783 845 839 parum
863 767 917 837 est,
939 763 1020 839 quod
1037 783 1087 822 me
1104 763 1158 821 diu

144 857 260 929 piratae
280 854 312 910 in
326 872 441 912 carcere
454 855 611 927 retentum
631 854 701 927 quia
718 852 934 927 redemptorem
951 853 1012 910 illis
1030 852 1158 911 divitem

145 945 339 1019 promiseram
366 944 495 1016 patrem,
523 942 555 998 in
581 941 685 999 ludum
707 941 903 1000 vendiderunt
928 944 1085 1016 tamquam
1107 942 1158 1000 de·

146 1030 245 1106 cepti?
282 1031 362 1106 quod
386 1030 551 1090 cotidianae
573 1049 691 1106 pugnae
714 1030 906 1089 meditatione
928 1032 992 1087 tam
1009 1029 1062 1088 diu
1080 1031 1159 1088 mori

146 1121 256 1180 didici?
302 1119 381 1195 quod
403 1121 597 1194 compositus,
621 1122 766 1193 armatis,
788 1119 926 1177 inductus
947 1119 1105 1194 perieram,
1132 1119 1196 1181 sire

145 1210 251 1268 melior
274 1212 385 1267 amicus
412 1210 547 1282 fuissem,
574 1210 632 1266 nisi
654 1229 701 1266 me
726 1227 804 1267 noxa
827 1208 964 1266 velutin
990 1211 1082 1283 portu
1105 1207 1158 1265 ad·

146 1303 212 1357 orta
234 1301 396 1373 tempestas
415 1297 546 1371 paternis
564 1297 677 1355 laribus
695 1300 841 1356 extorrem
859 1299 889 1355 et
906 1297 1066 1355 necessarii
1085 1316 1159 1371 quo·

147 1407 203 1463 que
236 1387 330 1445 rictus
363 1387 482 1460 inopem
513 1386 623 1444 circum
655 1386 694 1444 ad
725 1387 837 1444 alienas
868 1386 1002 1444 mitteret
1033 1385 1160 1444 domos?

146 1477 239 1551 pudet
265 1494 436 1534 enumerare
464 1475 680 1533 calamitatium
707 1493 840 1532 mearum
866 1475 990 1552 gradus:
1016 1478 1158 1550 piratam,

147 1566 296 1639 lanistam,
319 1566 442 1638 patrem.
1172 1584 1195 1625 11

95 1651 132 1705 18
213 1653 328 1727 Atquin
354 1671 423 1728 pars
450 1653 510 1711 ista
538 1652 683 1725 criminis,
714 1652 839 1727 iudices,
865 1655 924 1710 mei
950 1671 1011 1711 non
1039 1653 1158 1711 defendi

146 1745 268 1816 meruit,
295 1741 345 1800 sed
371 1741 495 1800 laudari.
541 1760 636 1816 neque
665 1743 743 1799 enim
769 1741 884 1816 reperio
912 1741 986 1816 quid
1009 1743 1042 1799 in
1069 1743 1157 1800 rebus

146 1832 284 1889 humanis
303 1831 478 1907 excogitant
494 1833 603 1888 natura
620 1831 821 1905 praestantius
839 1830 982 1904 amicitia,
999 1831 1072 1905 quid
1090 1849 1156 1890 oon·

148 1921 248 1978 cordia
280 1922 383 1978 contra
414 1919 565 1977 fortunam
596 1921 692 1977 maius
724 1919 875 1977 auxilium.
926 1938 997 1977 nam
1027 1919 1156 1995 primum

147 2014 265 2084 praeter
288 2012 385 2067 cetera
404 2008 545 2067 animalia
567 2007 666 2065 induit
688 2010 796 2067 nostris
818 2007 987 2083 pectoribus
1007 2008 1188 2082 quaudamu

148 2101 319 2158 societatem
343 2116 418 2171 quae
441 2099 545 2155 mutuo
568 2097 696 2174 gaudere
719 2115 884 2174 congressu,
908 2097 1084 2156 contrahere
1105 2115 1154 2173 po·

147 2189 247 2265 pulos,
279 2186 403 2246 condere
435 2186 521 2244 urbes
554 2186 672 2244 edocuit
703 2187 745 2259 ct,
778 2204 844 2243 cum
870 2186 1021 2245 mentibus
1048 2187 1153 2245 nostris

148 2279 245 2336 varios
268 2276 442 2351 imposuerit
464 2277 575 2348 motus,
603 2275 718 2332 nullum
740 2275 873 2349 proiecto
899 2275 1055 2334 meliorem
1076 2274 1152 2334 beni·

148 2365 280 2424 volentia
307 2364 413 2423 tribuit
440 2364 598 2422 adfectum.
645 2364 716 2438 quid
743 2366 822 2421 enim
848 2364 927 2422 foret
952 2364 1084 2425 humano
1108 2382 1151 2441 ge

148 2474 217 2513 nere
243 2455 373 2527 felicius,
405 2453 430 2511 si
458 2471 558 2510 omncs
586 2471 648 2511 esse
677 2454 797 2528 possent
826 2450 934 2512 amici?
980 2472 1040 2511 non
1070 2453 1182 2523 bellas

148 2544 315 2617 seditiones,
337 2541 503 2616 latrocinia,
525 2542 593 2600 lites
612 2544 767 2616 ceteraque
790 2541 869 2600 mala
890 2560 967 2616 quae
989 2542 1151 2601 hominibus

150 2650 236 2691 exse
260 2632 332 2707 ipsis
356 2636 428 2688 nata
451 2632 533 2705 sunt,
560 2632 696 2690 fortunae
721 2631 919 2690 accessissent
964 2631 997 2688 id
1020 2633 1093 2706 quia
1114 2630 1151 2688 ni·

149 2722 242 2780 mium
261 2722 314 2779 deo
334 2721 430 2779 visum
449 2723 501 2794 est,
525 2721 653 2778 atcerte
675 2721 807 2778 honestis
827 2719 981 2778 convenire
1000 2721 1150 2779 mentibus.

148 2810 236 2868 fidem
259 2811 366 2882 colere,
393 2809 502 2867 amoris
525 2811 653 2886 gratiam
676 2809 785 2867 referre
808 2808 943 2868 omnibus
965 2809 1151 2885 temporibus,

149 2899 284 2958 omnibus
303 2898 439 2976 gentibus
458 2899 650 2974 praecipuum
669 2901 699 2956 et
714 2896 932 2973 quodammodo
951 2916 1070 2957 sacrum
1088 2899 1183 2968 fiiit3a

221 3109 236 3156 3
256 3086 471 3170 quoduirefarias
489 3113 517 3156 B
590 3107 606 3153 4
625 3103 688 3155 veni
705 3112 730 3154 J
807 3107 821 3154 7
840 3103 993 3156 retentum:
1012 3104 1026 3156 t
1043 3104 1153 3157 01101101

149 3177 181 3228 io
200 3185 285 3229 roae
339 3175 511 3238 aeolidiep
566 3179 596 3225 11
615 3176 761 3242 portumc
815 3173 914 3226 adorta
933 3184 960 3226 s:
981 3174 1118 3244 adoptata
1134 3194 1153 3224 o

151 3251 184 3298 14
204 3247 349 3299 enuntiare
368 3258 388 3298 o
457 3244 661 3298 calamitatium
679 3254 721 3298 11:
745 3244 938 3299 calamitatum
956 3253 985 3298 B
1002 3246 1024 3315 (i
1040 3263 1115 3315 supr.
1129 3245 1152 3311 1)

154 3327 207 3381 Vae
261 3323 520 3384 1111111101
572 3321 604 3369 18
624 3317 803 3387 excogitant:
823 3317 963 3370 iolteram
977 3318 1009 3370 in
1022 3327 1106 3372 roso

131 3389 226 3457 ·quod
247 3389 307 3444 Obr.
390 3389 564 3456 repraeter:
584 3387 690 3452 interp
769 3387 907 3451 indidits
988 3388 1153 3442 1311111010-

150 3460 238 3513 lentia
257 3469 307 3512 Mo
368 3464 402 3511 24
420 3475 520 3528 genere
539 3468 639 3526 011111,
658 3460 721 3513 add.
740 3462 770 3513 ia
791 3468 908 3529 scarpo
970 3458 1155 3514 2101111111

151 3536 184 3584 28
207 3533 256 3583 aut
273 3540 301 3583 B
318 3531 359 3600 (at
375 3548 450 3599 srapr.
466 3533 492 3600 o)
511 3540 532 3582 V
