<?xml version="1.0" encoding="UTF-8"?>
<!DOCTYPE html PUBLIC "-//W3C//DTD XHTML 1.0 Transitional//EN"
    "http://www.w3.org/TR/xhtml1/DTD/xhtml1-transitional.dtd">
<html xmlns="http://www.w3.org/1999/xhtml" xml:lang="en" lang="en">
 <head>
  <title>
</title>
<meta http-equiv="Content-Type" content="text/html;charset=utf-8" />
  <meta name='ocr-system' content='tesseract 3.04.00' />
  <meta name='ocr-capabilities' content='ocr_page ocr_carea ocr_par ocr_line ocrx_word'/>
</head>
<body>
  <div class='ocr_page' id='page_1' title='image "./qvintilianiqvae01quingoog_0053.png"; bbox 0 0 2408 3840; ppageno 0'>
   <div class='ocr_carea' id='block_1_1' title="bbox 142 183 820 248">
    <p class='ocr_par' dir='ltr' id='par_1_1' title="bbox 142 183 820 248">
     <span class='ocr_line' id='line_1_1' title="bbox 142 183 820 248; baseline 0.006 -13"><span class='ocrx_word' id='word_1_1' title='bbox 142 184 183 248; x_wconf 86' lang='lat'>18</span> <span class='ocrx_word' id='word_1_2' title='bbox 477 183 606 238; x_wconf 84' lang='lat' dir='ltr'><strong>PARIES</strong></span> <span class='ocrx_word' id='word_1_3' title='bbox 625 183 820 239; x_wconf 82' lang='lat' dir='ltr'>PALMATVS</span> 
     </span>
    </p>
   </div>
   <div class='ocr_carea' id='block_1_2' title="bbox 82 352 1187 2568">
    <p class='ocr_par' dir='ltr' id='par_1_2' title="bbox 137 352 1187 1411">
     <span class='ocr_line' id='line_1_2' title="bbox 139 352 1152 432; baseline 0.004 -21"><span class='ocrx_word' id='word_1_4' title='bbox 139 371 222 430; x_wconf 83' lang='lat' dir='ltr'>rege,</span> <span class='ocrx_word' id='word_1_5' title='bbox 246 352 325 429; x_wconf 92' lang='lat' dir='ltr'>quod</span> <span class='ocrx_word' id='word_1_6' title='bbox 344 353 417 414; x_wconf 92' lang='lat' dir='ltr'>duos</span> <span class='ocrx_word' id='word_1_7' title='bbox 440 357 560 430; x_wconf 89' lang='lat' dir='ltr'>separat</span> <span class='ocrx_word' id='word_1_8' title='bbox 576 353 676 413; x_wconf 89' lang='lat' dir='ltr'>media</span> <span class='ocrx_word' id='word_1_9' title='bbox 700 354 796 429; x_wconf 91' lang='lat' dir='ltr'>domo,</span> <span class='ocrx_word' id='word_1_10' title='bbox 817 356 848 412; x_wconf 93' lang='lat' dir='ltr'>te</span> <span class='ocrx_word' id='word_1_11' title='bbox 871 353 1020 432; x_wconf 84' lang='lat' dir='ltr'>integram</span> <span class='ocrx_word' id='word_1_12' title='bbox 1039 374 1152 430; x_wconf 84' lang='lat' dir='ltr'>sanam,</span> 
     </span>
     <span class='ocr_line' id='line_1_3' title="bbox 139 442 1151 520; baseline 0.004 -21"><span class='ocrx_word' id='word_1_13' title='bbox 139 442 227 499; x_wconf 92' lang='lat' dir='ltr'>illum</span> <span class='ocrx_word' id='word_1_14' title='bbox 253 443 401 502; x_wconf 80' lang='lat' dir='ltr'><strong>infelicem</strong></span> <span class='ocrx_word' id='word_1_15' title='bbox 429 462 548 502; x_wconf 90' lang='lat' dir='ltr'>caecum</span> <span class='ocrx_word' id='word_1_16' title='bbox 575 444 771 503; x_wconf 75' lang='lat' dir='ltr'>contumeliae</span> <span class='ocrx_word' id='word_1_17' title='bbox 797 445 998 520; x_wconf 77' lang='lat' dir='ltr'>epportimum</span> <span class='ocrx_word' id='word_1_18' title='bbox 1023 443 1151 503; x_wconf 89' lang='lat' dir='ltr'>iniuriae</span> 
     </span>
     <span class='ocr_line' id='line_1_4' title="bbox 139 527 1151 609; baseline 0.003 -21"><span class='ocrx_word' id='word_1_19' title='bbox 139 531 271 607; x_wconf 77' lang='lat' dir='ltr'>facilem,</span> <span class='ocrx_word' id='word_1_20' title='bbox 301 535 402 590; x_wconf 92' lang='lat' dir='ltr'>utrum</span> <span class='ocrx_word' id='word_1_21' title='bbox 428 533 490 591; x_wconf 91' lang='lat' dir='ltr'>filio</span> <span class='ocrx_word' id='word_1_22' title='bbox 520 535 669 591; x_wconf 88' lang='lat' dir='ltr'>irascatur</span> <span class='ocrx_word' id='word_1_23' title='bbox 696 552 735 591; x_wconf 88' lang='lat' dir='ltr'>an</span> <span class='ocrx_word' id='word_1_24' title='bbox 761 531 868 591; x_wconf 79' lang='lat' dir='ltr'>uxori?</span> <span class='ocrx_word' id='word_1_25' title='bbox 909 527 1012 607; x_wconf 68' lang='lat' dir='ltr'>³n010&#39;,</span> <span class='ocrx_word' id='word_1_26' title='bbox 1043 533 1151 609; x_wconf 87' lang='lat' dir='ltr'>inquit,</span> 
     </span>
     <span class='ocr_line' id='line_1_5' title="bbox 142 615 1150 698; baseline 0.003 -21"><span class='ocrx_word' id='word_1_27' title='bbox 142 615 283 695; x_wconf 73' lang='lat' dir='ltr'>iuvenis,</span> <span class='ocrx_word' id='word_1_28' title='bbox 310 623 405 680; x_wconf 90' lang='lat' dir='ltr'>utaris</span> <span class='ocrx_word' id='word_1_29' title='bbox 433 640 558 680; x_wconf 86' lang='lat' dir='ltr'>amoena</span> <span class='ocrx_word' id='word_1_30' title='bbox 586 621 691 680; x_wconf 87' lang='lat' dir='ltr'>domus</span> <span class='ocrx_word' id='word_1_31' title='bbox 719 624 818 698; x_wconf 87' lang='lat' dir='ltr'>parte,</span> <span class='ocrx_word' id='word_1_32' title='bbox 846 642 882 680; x_wconf 92' lang='lat' dir='ltr'>ne</span> <span class='ocrx_word' id='word_1_33' title='bbox 906 623 948 680; x_wconf 90' lang='lat' dir='ltr'>sie</span> <span class='ocrx_word' id='word_1_34' title='bbox 975 640 1052 697; x_wconf 90' lang='lat' dir='ltr'>quae</span> <span class='ocrx_word' id='word_1_35' title='bbox 1078 622 1150 681; x_wconf 92' lang='lat' dir='ltr'>niti·</span> 
     </span>
     <span class='ocr_line' id='line_1_6' title="bbox 140 706 1187 787; baseline 0.002 -20"><span class='ocrx_word' id='word_1_36' title='bbox 140 709 271 768; x_wconf 88' lang='lat' dir='ltr'>dioribus</span> <span class='ocrx_word' id='word_1_37' title='bbox 294 711 381 770; x_wconf 89' lang='lat' dir='ltr'>tectis</span> <span class='ocrx_word' id='word_1_38' title='bbox 405 711 560 770; x_wconf 86' lang='lat' dir='ltr'>elaborata</span> <span class='ocrx_word' id='word_1_39' title='bbox 582 713 660 787; x_wconf 83' lang='lat' dir='ltr'>sunt,</span> <span class='ocrx_word' id='word_1_40' title='bbox 685 713 855 787; x_wconf 89' lang='lat' dir='ltr'>pertineant</span> <span class='ocrx_word' id='word_1_41' title='bbox 878 710 916 769; x_wconf 90' lang='lat' dir='ltr'>ad</span> <span class='ocrx_word' id='word_1_42' title='bbox 939 710 1039 770; x_wconf 89' lang='lat' dir='ltr'>ocules</span> <span class='ocrx_word' id='word_1_43' title='bbox 1061 706 1150 771; x_wconf 84' lang='lat' dir='ltr'>tuos&#39;</span> <span class='ocrx_word' id='word_1_44' title='bbox 1164 715 1187 769; x_wconf 73' lang='lat' dir='ltr'>&#39;s</span> 
     </span>
     <span class='ocr_line' id='line_1_7' title="bbox 140 798 1151 876; baseline 0.004 -20"><span class='ocrx_word' id='word_1_45' title='bbox 140 798 207 873; x_wconf 92' lang='lat' dir='ltr'>quis</span> <span class='ocrx_word' id='word_1_46' title='bbox 230 801 294 858; x_wconf 90' lang='lat' dir='ltr'>tam</span> <span class='ocrx_word' id='word_1_47' title='bbox 321 800 412 859; x_wconf 90' lang='lat' dir='ltr'>stulte</span> <span class='ocrx_word' id='word_1_48' title='bbox 439 799 578 859; x_wconf 76' lang='lat' dir='ltr'><strong>irascitur</strong></span> <span class='ocrx_word' id='word_1_49' title='bbox 601 818 700 874; x_wconf 84' lang='lat' dir='ltr'>caece,</span> <span class='ocrx_word' id='word_1_50' title='bbox 727 802 762 858; x_wconf 89' lang='lat' dir='ltr'>ut</span> <span class='ocrx_word' id='word_1_51' title='bbox 783 802 869 875; x_wconf 89' lang='lat' dir='ltr'>putet</span> <span class='ocrx_word' id='word_1_52' title='bbox 892 799 972 858; x_wconf 91' lang='lat' dir='ltr'>illius</span> <span class='ocrx_word' id='word_1_53' title='bbox 999 800 1151 876; x_wconf 78' lang='lat' dir='ltr'>interesse,</span> 
     </span>
     <span class='ocr_line' id='line_1_8' title="bbox 138 886 1151 966; baseline 0.002 -21"><span class='ocrx_word' id='word_1_54' title='bbox 138 886 190 946; x_wconf 92' lang='lat' dir='ltr'>ubi</span> <span class='ocrx_word' id='word_1_55' title='bbox 212 887 348 947; x_wconf 91' lang='lat' dir='ltr'>habitare</span> <span class='ocrx_word' id='word_1_56' title='bbox 370 887 530 948; x_wconf 82' lang='lat' dir='ltr'>iubeatur?</span> <span class='ocrx_word' id='word_1_57' title='bbox 575 892 606 948; x_wconf 91' lang='lat' dir='ltr'>te</span> <span class='ocrx_word' id='word_1_58' title='bbox 628 891 728 966; x_wconf 91' lang='lat' dir='ltr'>petius</span> <span class='ocrx_word' id='word_1_59' title='bbox 751 890 803 947; x_wconf 90' lang='lat' dir='ltr'>ille</span> <span class='ocrx_word' id='word_1_60' title='bbox 827 889 1000 964; x_wconf 86' lang='lat' dir='ltr'>summovit,</span> <span class='ocrx_word' id='word_1_61' title='bbox 1021 890 1083 948; x_wconf 92' lang='lat' dir='ltr'>tuis</span> <span class='ocrx_word' id='word_1_62' title='bbox 1105 889 1151 947; x_wconf 93' lang='lat' dir='ltr'>in-</span> 
     </span>
     <span class='ocr_line' id='line_1_9' title="bbox 138 972 1150 1054; baseline 0.002 -19"><span class='ocrx_word' id='word_1_63' title='bbox 138 977 251 1036; x_wconf 86' lang='lat' dir='ltr'>vidiam</span> <span class='ocrx_word' id='word_1_64' title='bbox 273 978 346 1036; x_wconf 87' lang='lat' dir='ltr'>fecit</span> <span class='ocrx_word' id='word_1_65' title='bbox 368 978 457 1054; x_wconf 87' lang='lat' dir='ltr'>ediis,</span> <span class='ocrx_word' id='word_1_66' title='bbox 484 978 541 1036; x_wconf 91' lang='lat' dir='ltr'>tihi</span> <span class='ocrx_word' id='word_1_67' title='bbox 564 977 650 1036; x_wconf 88' lang='lat' dir='ltr'>dicit:</span> <span class='ocrx_word' id='word_1_68' title='bbox 678 972 832 1053; x_wconf 62' lang='lat' dir='ltr'>‘sufficiat</span> <span class='ocrx_word' id='word_1_69' title='bbox 860 979 933 1038; x_wconf 88' lang='lat' dir='ltr'>satis</span> <span class='ocrx_word' id='word_1_70' title='bbox 957 981 1014 1053; x_wconf 90' lang='lat' dir='ltr'>est,</span> <span class='ocrx_word' id='word_1_71' title='bbox 1040 979 1150 1038; x_wconf 80' lang='lat' dir='ltr'>habeas</span> 
     </span>
     <span class='ocr_line' id='line_1_10' title="bbox 137 1066 1151 1143; baseline 0.002 -19"><span class='ocrx_word' id='word_1_72' title='bbox 137 1068 280 1125; x_wconf 90' lang='lat' dir='ltr'>maiorem</span> <span class='ocrx_word' id='word_1_73' title='bbox 304 1066 407 1126; x_wconf 93' lang='lat' dir='ltr'>domus</span> <span class='ocrx_word' id='word_1_74' title='bbox 429 1071 553 1143; x_wconf 87' lang='lat' dir='ltr'>partem.</span> <span class='ocrx_word' id='word_1_75' title='bbox 600 1066 749 1125; x_wconf 75' lang='lat' dir='ltr'>absentem</span> <span class='ocrx_word' id='word_1_76' title='bbox 773 1069 850 1142; x_wconf 89' lang='lat' dir='ltr'>puta</span> <span class='ocrx_word' id='word_1_77' title='bbox 871 1067 1020 1142; x_wconf 89' lang='lat' dir='ltr'>miserum,</span> <span class='ocrx_word' id='word_1_78' title='bbox 1042 1069 1075 1126; x_wconf 89' lang='lat' dir='ltr'>in</span> <span class='ocrx_word' id='word_1_79' title='bbox 1096 1087 1151 1143; x_wconf 87' lang='lat' dir='ltr'>pa-</span> 
     </span>
     <span class='ocr_line' id='line_1_11' title="bbox 137 1151 1187 1234; baseline 0.003 -21"><span class='ocrx_word' id='word_1_80' title='bbox 137 1155 230 1214; x_wconf 89' lang='lat' dir='ltr'>ternis</span> <span class='ocrx_word' id='word_1_81' title='bbox 254 1154 371 1214; x_wconf 89' lang='lat' dir='ltr'>sedibus</span> <span class='ocrx_word' id='word_1_82' title='bbox 390 1156 522 1233; x_wconf 82' lang='lat' dir='ltr'>aliquem</span> <span class='ocrx_word' id='word_1_83' title='bbox 540 1156 685 1234; x_wconf 83' lang='lat' dir='ltr'>angulum</span> <span class='ocrx_word' id='word_1_84' title='bbox 701 1151 856 1232; x_wconf 55' lang='lat' dir='ltr'>relinqua?</span> <span class='ocrx_word' id='word_1_85' title='bbox 893 1158 989 1233; x_wconf 87' lang='lat' dir='ltr'>pater,</span> <span class='ocrx_word' id='word_1_86' title='bbox 1012 1157 1065 1233; x_wconf 90' lang='lat' dir='ltr'>qui</span> <span class='ocrx_word' id='word_1_87' title='bbox 1086 1156 1187 1216; x_wconf 82' lang='lat' dir='ltr'>filior&#39;e</span> 
     </span>
     <span class='ocr_line' id='line_1_12' title="bbox 138 1244 1151 1323; baseline 0.002 -21"><span class='ocrx_word' id='word_1_88' title='bbox 138 1244 192 1302; x_wconf 90' lang='lat' dir='ltr'>sub</span> <span class='ocrx_word' id='word_1_89' title='bbox 215 1263 343 1304; x_wconf 79' lang='lat' dir='ltr'>nouerca</span> <span class='ocrx_word' id='word_1_90' title='bbox 371 1245 510 1323; x_wconf 86' lang='lat' dir='ltr'>adsignat</span> <span class='ocrx_word' id='word_1_91' title='bbox 536 1247 680 1304; x_wconf 88' lang='lat' dir='ltr'>secretam</span> <span class='ocrx_word' id='word_1_92' title='bbox 708 1245 813 1304; x_wconf 92' lang='lat' dir='ltr'>domus</span> <span class='ocrx_word' id='word_1_93' title='bbox 835 1248 964 1322; x_wconf 83' lang='lat' dir='ltr'>partem,</span> <span class='ocrx_word' id='word_1_94' title='bbox 993 1245 1151 1305; x_wconf 90' lang='lat' dir='ltr'>confitetur</span> 
     </span>
     <span class='ocr_line' id='line_1_13' title="bbox 137 1332 636 1411; baseline 0.004 -21"><span class='ocrx_word' id='word_1_95' title='bbox 137 1332 223 1391; x_wconf 83' lang='lat' dir='ltr'>uxori</span> <span class='ocrx_word' id='word_1_96' title='bbox 246 1351 276 1392; x_wconf 89' lang='lat' dir='ltr'>se</span> <span class='ocrx_word' id='word_1_97' title='bbox 300 1334 437 1393; x_wconf 88' lang='lat' dir='ltr'>abdicere</span> <span class='ocrx_word' id='word_1_98' title='bbox 460 1354 520 1394; x_wconf 92' lang='lat' dir='ltr'>non</span> <span class='ocrx_word' id='word_1_99' title='bbox 542 1353 636 1411; x_wconf 89' lang='lat' dir='ltr'>posse.</span> 
     </span>
    </p>

    <p class='ocr_par' dir='ltr' id='par_1_3' title="bbox 134 1421 1186 2392">
     <span class='ocr_line' id='line_1_14' title="bbox 204 1421 1149 1501; baseline 0.004 -21"><span class='ocrx_word' id='word_1_100' title='bbox 204 1421 325 1481; x_wconf 84' lang='lat' dir='ltr'>Transit</span> <span class='ocrx_word' id='word_1_101' title='bbox 347 1423 386 1480; x_wconf 86' lang='lat' dir='ltr'>ad</span> <span class='ocrx_word' id='word_1_102' title='bbox 409 1423 492 1482; x_wconf 89' lang='lat' dir='ltr'>aliud</span> <span class='ocrx_word' id='word_1_103' title='bbox 510 1442 602 1501; x_wconf 86' lang='lat' dir='ltr'>genus</span> <span class='ocrx_word' id='word_1_104' title='bbox 621 1423 813 1483; x_wconf 87' lang='lat' dir='ltr'>defensionis:</span> <span class='ocrx_word' id='word_1_105' title='bbox 836 1423 894 1483; x_wconf 92' lang='lat' dir='ltr'>sibi</span> <span class='ocrx_word' id='word_1_106' title='bbox 912 1442 1033 1484; x_wconf 86' lang='lat' dir='ltr'>causam</span> <span class='ocrx_word' id='word_1_107' title='bbox 1051 1424 1149 1484; x_wconf 90' lang='lat' dir='ltr'>caedis</span> 
     </span>
     <span class='ocr_line' id='line_1_15' title="bbox 136 1510 1148 1586; baseline 0.003 -17"><span class='ocrx_word' id='word_1_108' title='bbox 136 1530 197 1569; x_wconf 90' lang='lat' dir='ltr'>nen</span> <span class='ocrx_word' id='word_1_109' title='bbox 219 1510 323 1586; x_wconf 88' lang='lat' dir='ltr'>fuisse,</span> <span class='ocrx_word' id='word_1_110' title='bbox 347 1530 413 1570; x_wconf 90' lang='lat' dir='ltr'>eum</span> <span class='ocrx_word' id='word_1_111' title='bbox 435 1513 484 1571; x_wconf 88' lang='lat' dir='ltr'>hic</span> <span class='ocrx_word' id='word_1_112' title='bbox 506 1513 590 1572; x_wconf 90' lang='lat' dir='ltr'>heres</span> <span class='ocrx_word' id='word_1_113' title='bbox 613 1513 751 1572; x_wconf 86' lang='lat' dir='ltr'>inventus</span> <span class='ocrx_word' id='word_1_114' title='bbox 780 1514 820 1572; x_wconf 88' lang='lat' dir='ltr'>sit</span> <span class='ocrx_word' id='word_1_115' title='bbox 842 1512 975 1572; x_wconf 88' lang='lat' dir='ltr'>emnium</span> <span class='ocrx_word' id='word_1_116' title='bbox 995 1513 1148 1572; x_wconf 90' lang='lat' dir='ltr'>benorum.</span> 
     </span>
     <span class='ocr_line' id='line_1_16' title="bbox 137 1600 1186 1678; baseline 0.004 -21"><span class='ocrx_word' id='word_1_117' title='bbox 137 1601 203 1675; x_wconf 91' lang='lat' dir='ltr'>quis</span> <span class='ocrx_word' id='word_1_118' title='bbox 228 1600 306 1658; x_wconf 89' lang='lat' dir='ltr'>enim</span> <span class='ocrx_word' id='word_1_119' title='bbox 330 1600 406 1660; x_wconf 89' lang='lat' dir='ltr'>alius</span> <span class='ocrx_word' id='word_1_120' title='bbox 430 1620 492 1660; x_wconf 91' lang='lat' dir='ltr'>esse</span> <span class='ocrx_word' id='word_1_121' title='bbox 516 1601 634 1676; x_wconf 87' lang='lat' dir='ltr'>debeat,</span> <span class='ocrx_word' id='word_1_122' title='bbox 661 1603 697 1660; x_wconf 90' lang='lat' dir='ltr'>ut</span> <span class='ocrx_word' id='word_1_123' title='bbox 717 1603 788 1661; x_wconf 89' lang='lat' dir='ltr'>huic</span> <span class='ocrx_word' id='word_1_124' title='bbox 814 1601 1035 1678; x_wconf 88' lang='lat' dir='ltr'>properandum</span> <span class='ocrx_word' id='word_1_125' title='bbox 1058 1603 1186 1662; x_wconf 68' lang='lat' dir='ltr'>hierita</span> 
     </span>
     <span class='ocr_line' id='line_1_17' title="bbox 137 1688 1149 1767; baseline 0.004 -21"><span class='ocrx_word' id='word_1_126' title='bbox 137 1688 175 1747; x_wconf 90' lang='lat' dir='ltr'>ad</span> <span class='ocrx_word' id='word_1_127' title='bbox 202 1688 420 1749; x_wconf 73' lang='lat' dir='ltr'>hereditatem?</span> <span class='ocrx_word' id='word_1_128' title='bbox 463 1690 541 1750; x_wconf 89' lang='lat' dir='ltr'>filius</span> <span class='ocrx_word' id='word_1_129' title='bbox 573 1691 701 1766; x_wconf 89' lang='lat' dir='ltr'>scriptus</span> <span class='ocrx_word' id='word_1_130' title='bbox 733 1710 794 1750; x_wconf 92' lang='lat' dir='ltr'>non</span> <span class='ocrx_word' id='word_1_131' title='bbox 820 1693 908 1750; x_wconf 90' lang='lat' dir='ltr'>timet</span> <span class='ocrx_word' id='word_1_132' title='bbox 933 1692 1149 1767; x_wconf 89' lang='lat' dir='ltr'>paenitentiam</span> 
     </span>
     <span class='ocr_line' id='line_1_18' title="bbox 135 1779 1148 1858; baseline 0.004 -23"><span class='ocrx_word' id='word_1_133' title='bbox 135 1780 315 1837; x_wconf 88' lang='lat' dir='ltr'>testamenti.</span> <span class='ocrx_word' id='word_1_134' title='bbox 354 1780 486 1838; x_wconf 92' lang='lat' dir='ltr'>emnium</span> <span class='ocrx_word' id='word_1_135' title='bbox 502 1779 648 1838; x_wconf 89' lang='lat' dir='ltr'>benorum</span> <span class='ocrx_word' id='word_1_136' title='bbox 670 1780 755 1839; x_wconf 91' lang='lat' dir='ltr'>heres</span> <span class='ocrx_word' id='word_1_137' title='bbox 775 1780 896 1840; x_wconf 89' lang='lat' dir='ltr'>relictus</span> <span class='ocrx_word' id='word_1_138' title='bbox 915 1783 968 1840; x_wconf 87' lang='lat' dir='ltr'>est.</span> <span class='ocrx_word' id='word_1_139' title='bbox 999 1799 1060 1839; x_wconf 91' lang='lat' dir='ltr'>non</span> <span class='ocrx_word' id='word_1_140' title='bbox 1079 1799 1148 1858; x_wconf 85' lang='lat' dir='ltr'>ergo</span> 
     </span>
     <span class='ocr_line' id='line_1_19' title="bbox 136 1867 1148 1946; baseline 0.003 -22"><span class='ocrx_word' id='word_1_141' title='bbox 136 1867 319 1926; x_wconf 76' lang='lat' dir='ltr'>irascebatur</span> <span class='ocrx_word' id='word_1_142' title='bbox 337 1871 431 1944; x_wconf 84' lang='lat' dir='ltr'>pater,</span> <span class='ocrx_word' id='word_1_143' title='bbox 455 1887 521 1927; x_wconf 92' lang='lat' dir='ltr'>cum</span> <span class='ocrx_word' id='word_1_144' title='bbox 540 1868 626 1927; x_wconf 93' lang='lat' dir='ltr'>daret</span> <span class='ocrx_word' id='word_1_145' title='bbox 643 1872 787 1928; x_wconf 89' lang='lat' dir='ltr'>secretam</span> <span class='ocrx_word' id='word_1_146' title='bbox 805 1870 909 1929; x_wconf 90' lang='lat' dir='ltr'>demus</span> <span class='ocrx_word' id='word_1_147' title='bbox 927 1871 1052 1946; x_wconf 87' lang='lat' dir='ltr'>partem.</span> <span class='ocrx_word' id='word_1_148' title='bbox 1088 1888 1148 1928; x_wconf 91' lang='lat' dir='ltr'>nen</span> 
     </span>
     <span class='ocr_line' id='line_1_20' title="bbox 135 1956 1147 2034; baseline 0.002 -20"><span class='ocrx_word' id='word_1_149' title='bbox 135 1959 261 2032; x_wconf 90' lang='lat' dir='ltr'>possunt</span> <span class='ocrx_word' id='word_1_150' title='bbox 287 1956 344 2014; x_wconf 90' lang='lat' dir='ltr'>tibi</span> <span class='ocrx_word' id='word_1_151' title='bbox 367 1956 484 2016; x_wconf 82' lang='lat' dir='ltr'>diversa</span> <span class='ocrx_word' id='word_1_152' title='bbox 501 1957 654 2033; x_wconf 88' lang='lat' dir='ltr'>prodesse;</span> <span class='ocrx_word' id='word_1_153' title='bbox 681 1957 784 2017; x_wconf 92' lang='lat' dir='ltr'>eadem</span> <span class='ocrx_word' id='word_1_154' title='bbox 807 1958 936 2017; x_wconf 90' lang='lat' dir='ltr'>obiceres</span> <span class='ocrx_word' id='word_1_155' title='bbox 959 1977 1024 2034; x_wconf 88' lang='lat' dir='ltr'>reo,</span> <span class='ocrx_word' id='word_1_156' title='bbox 1051 1958 1078 2017; x_wconf 92' lang='lat' dir='ltr'>si</span> <span class='ocrx_word' id='word_1_157' title='bbox 1100 1979 1147 2018; x_wconf 86' lang='lat' dir='ltr'>ex·</span> 
     </span>
     <span class='ocr_line' id='line_1_21' title="bbox 135 2045 1184 2124; baseline 0.004 -22"><span class='ocrx_word' id='word_1_158' title='bbox 135 2045 292 2104; x_wconf 80' lang='lat' dir='ltr'>heredetas</span> <span class='ocrx_word' id='word_1_159' title='bbox 316 2048 402 2104; x_wconf 83' lang='lat' dir='ltr'>esset</span> <span class='ocrx_word' id='word_1_160' title='bbox 449 2047 526 2124; x_wconf 87' lang='lat' dir='ltr'>elige</span> <span class='ocrx_word' id='word_1_161' title='bbox 548 2049 651 2106; x_wconf 88' lang='lat' dir='ltr'>utrum</span> <span class='ocrx_word' id='word_1_162' title='bbox 672 2048 761 2106; x_wconf 87' lang='lat' dir='ltr'>voles.</span> <span class='ocrx_word' id='word_1_163' title='bbox 799 2049 826 2105; x_wconf 88' lang='lat' dir='ltr'>si</span> <span class='ocrx_word' id='word_1_164' title='bbox 848 2048 935 2107; x_wconf 81' lang='lat' dir='ltr'>seivit</span> <span class='ocrx_word' id='word_1_165' title='bbox 958 2065 989 2106; x_wconf 89' lang='lat' dir='ltr'>se</span> <span class='ocrx_word' id='word_1_166' title='bbox 1013 2065 1075 2107; x_wconf 89' lang='lat' dir='ltr'>esse</span> <span class='ocrx_word' id='word_1_167' title='bbox 1098 2048 1146 2107; x_wconf 91' lang='lat' dir='ltr'>he·</span> <span class='ocrx_word' id='word_1_168' title='bbox 1159 2064 1184 2106; x_wconf 79' lang='lat' dir='ltr'>re</span> 
     </span>
     <span class='ocr_line' id='line_1_22' title="bbox 134 2134 1148 2213; baseline 0.004 -22"><span class='ocrx_word' id='word_1_169' title='bbox 134 2134 247 2211; x_wconf 79' lang='lat' dir='ltr'>redem,</span> <span class='ocrx_word' id='word_1_170' title='bbox 279 2154 378 2194; x_wconf 91' lang='lat' dir='ltr'>amare</span> <span class='ocrx_word' id='word_1_171' title='bbox 404 2137 521 2210; x_wconf 88' lang='lat' dir='ltr'>patrem</span> <span class='ocrx_word' id='word_1_172' title='bbox 553 2136 669 2211; x_wconf 84' lang='lat' dir='ltr'>debuit3</span> <span class='ocrx_word' id='word_1_173' title='bbox 701 2138 727 2195; x_wconf 92' lang='lat' dir='ltr'>si</span> <span class='ocrx_word' id='word_1_174' title='bbox 758 2136 922 2213; x_wconf 81' lang='lat' dir='ltr'>ignoravit,</span> <span class='ocrx_word' id='word_1_175' title='bbox 953 2154 1013 2194; x_wconf 91' lang='lat' dir='ltr'>non</span> <span class='ocrx_word' id='word_1_176' title='bbox 1042 2136 1148 2195; x_wconf 91' lang='lat' dir='ltr'>habuit</span> 
     </span>
     <span class='ocr_line' id='line_1_23' title="bbox 136 2223 1147 2301; baseline 0.003 -20"><span class='ocrx_word' id='word_1_177' title='bbox 136 2223 216 2298; x_wconf 91' lang='lat' dir='ltr'>quod</span> <span class='ocrx_word' id='word_1_178' title='bbox 239 2227 372 2298; x_wconf 89' lang='lat' dir='ltr'>speraret</span> <span class='ocrx_word' id='word_1_179' title='bbox 395 2244 430 2284; x_wconf 85' lang='lat' dir='ltr'>ex</span> <span class='ocrx_word' id='word_1_180' title='bbox 452 2226 548 2301; x_wconf 84' lang='lat' dir='ltr'>patris</span> <span class='ocrx_word' id='word_1_181' title='bbox 570 2227 674 2285; x_wconf 88' lang='lat' dir='ltr'>morte.</span> <span class='ocrx_word' id='word_1_182' title='bbox 718 2226 868 2300; x_wconf 89' lang='lat' dir='ltr'>reliquum</span> <span class='ocrx_word' id='word_1_183' title='bbox 891 2226 950 2299; x_wconf 89' lang='lat' dir='ltr'>est,</span> <span class='ocrx_word' id='word_1_184' title='bbox 975 2227 1010 2283; x_wconf 90' lang='lat' dir='ltr'>ut</span> <span class='ocrx_word' id='word_1_185' title='bbox 1031 2225 1147 2284; x_wconf 90' lang='lat' dir='ltr'>intuea-</span> 
     </span>
     <span class='ocr_line' id='line_1_24' title="bbox 134 2312 1146 2392; baseline 0.003 -23"><span class='ocrx_word' id='word_1_186' title='bbox 134 2332 214 2387; x_wconf 87' lang='lat' dir='ltr'>mur,</span> <span class='ocrx_word' id='word_1_187' title='bbox 240 2312 293 2371; x_wconf 90' lang='lat' dir='ltr'>ille</span> <span class='ocrx_word' id='word_1_188' title='bbox 321 2316 374 2388; x_wconf 90' lang='lat' dir='ltr'>qui</span> <span class='ocrx_word' id='word_1_189' title='bbox 400 2314 503 2390; x_wconf 89' lang='lat' dir='ltr'>periit,</span> <span class='ocrx_word' id='word_1_190' title='bbox 530 2314 566 2374; x_wconf 89' lang='lat' dir='ltr'>ab</span> <span class='ocrx_word' id='word_1_191' title='bbox 590 2317 657 2374; x_wconf 89' lang='lat' dir='ltr'>utre</span> <span class='ocrx_word' id='word_1_192' title='bbox 680 2315 777 2392; x_wconf 81' lang='lat' dir='ltr'>magis</span> <span class='ocrx_word' id='word_1_193' title='bbox 799 2317 933 2374; x_wconf 88' lang='lat' dir='ltr'>vestrum</span> <span class='ocrx_word' id='word_1_194' title='bbox 957 2312 1146 2373; x_wconf 87' lang='lat' dir='ltr'>desideretur.</span> 
     </span>
    </p>

    <p class='ocr_par' dir='ltr' id='par_1_4' title="bbox 82 2401 1184 2568">
     <span class='ocr_line' id='line_1_25' title="bbox 82 2401 1147 2482; baseline 0.003 -22"><span class='ocrx_word' id='word_1_195' title='bbox 82 2406 117 2461; x_wconf 77' lang='lat'>17</span> <span class='ocrx_word' id='word_1_196' title='bbox 203 2401 243 2460; x_wconf 87' lang='lat' dir='ltr'>Te</span> <span class='ocrx_word' id='word_1_197' title='bbox 271 2402 377 2477; x_wconf 91' lang='lat' dir='ltr'>opiner</span> <span class='ocrx_word' id='word_1_198' title='bbox 403 2403 453 2462; x_wconf 88' lang='lat' dir='ltr'>hic</span> <span class='ocrx_word' id='word_1_199' title='bbox 479 2405 600 2482; x_wconf 85' lang='lat' dir='ltr'>gravius</span> <span class='ocrx_word' id='word_1_200' title='bbox 629 2402 722 2462; x_wconf 90' lang='lat' dir='ltr'>afficit</span> <span class='ocrx_word' id='word_1_201' title='bbox 750 2403 846 2477; x_wconf 90' lang='lat' dir='ltr'>dolor,</span> <span class='ocrx_word' id='word_1_202' title='bbox 874 2403 1071 2478; x_wconf 86' lang='lat' dir='ltr'>inpatientius</span> <span class='ocrx_word' id='word_1_203' title='bbox 1098 2403 1147 2463; x_wconf 90' lang='lat' dir='ltr'>hic</span> 
     </span>
     <span class='ocr_line' id='line_1_26' title="bbox 133 2491 1184 2568; baseline 0.006 -21"><span class='ocrx_word' id='word_1_204' title='bbox 133 2491 234 2548; x_wconf 90' lang='lat' dir='ltr'>luctus</span> <span class='ocrx_word' id='word_1_205' title='bbox 258 2493 420 2567; x_wconf 86' lang='lat' dir='ltr'>exanimat,</span> <span class='ocrx_word' id='word_1_206' title='bbox 443 2495 473 2551; x_wconf 87' lang='lat' dir='ltr'>te</span> <span class='ocrx_word' id='word_1_207' title='bbox 497 2511 572 2568; x_wconf 91' lang='lat' dir='ltr'>quae</span> <span class='ocrx_word' id='word_1_208' title='bbox 596 2491 729 2552; x_wconf 89' lang='lat' dir='ltr'>obsoleta</span> <span class='ocrx_word' id='word_1_209' title='bbox 750 2493 887 2568; x_wconf 88' lang='lat' dir='ltr'>protinus</span> <span class='ocrx_word' id='word_1_210' title='bbox 909 2491 996 2566; x_wconf 90' lang='lat' dir='ltr'>nube,</span> <span class='ocrx_word' id='word_1_211' title='bbox 1019 2493 1050 2550; x_wconf 89' lang='lat' dir='ltr'>et</span> <span class='ocrx_word' id='word_1_212' title='bbox 1071 2495 1184 2553; x_wconf 75' lang='lat' dir='ltr'>tem-a</span> 
     </span>
    </p>
   </div>
   <div class='ocr_carea' id='block_1_3' title="bbox 206 2642 1147 2711">
    <p class='ocr_par' dir='ltr' id='par_1_5' title="bbox 206 2642 1147 2711">
     <span class='ocr_line' id='line_1_27' title="bbox 206 2642 1147 2711; baseline 0.004 -17"><span class='ocrx_word' id='word_1_213' title='bbox 206 2642 444 2711; x_wconf 82' lang='lat' dir='ltr'>lquod:qui1²</span> <span class='ocrx_word' id='word_1_214' title='bbox 509 2644 678 2698; x_wconf 81' lang='lat' dir='ltr'>amedias</span> <span class='ocrx_word' id='word_1_215' title='bbox 744 2645 889 2698; x_wconf 58' lang='lat' dir='ltr'>taem]</span> <span class='ocrx_word' id='word_1_216' title='bbox 957 2642 1147 2710; x_wconf 69' lang='lat' dir='ltr'>tillameey</span> 
     </span>
    </p>
   </div>
   <div class='ocr_carea' id='block_1_4' title="bbox 134 2714 1147 2891">
    <p class='ocr_par' dir='ltr' id='par_1_6' title="bbox 134 2714 1147 2891">
     <span class='ocr_line' id='line_1_28' title="bbox 134 2714 1146 2786; baseline 0.005 -22"><span class='ocrx_word' id='word_1_217' title='bbox 134 2718 149 2765; x_wconf 84' lang='lat'><strong>3</strong></span> <span class='ocrx_word' id='word_1_218' title='bbox 168 2714 276 2765; x_wconf 90' lang='lat' dir='ltr'>uttrum</span> <span class='ocrx_word' id='word_1_219' title='bbox 289 2715 330 2768; x_wconf 86' lang='lat' dir='ltr'>ecl</span> <span class='ocrx_word' id='word_1_220' title='bbox 343 2714 448 2768; x_wconf 88' lang='lat' dir='ltr'>utirum</span> <span class='ocrx_word' id='word_1_221' title='bbox 462 2716 506 2785; x_wconf 83' lang='lat' dir='ltr'>(cf.</span> <span class='ocrx_word' id='word_1_222' title='bbox 523 2716 539 2771; x_wconf 91' lang='lat' dir='ltr'>l.</span> <span class='ocrx_word' id='word_1_223' title='bbox 553 2718 601 2786; x_wconf 82' lang='lat'>20)</span> <span class='ocrx_word' id='word_1_224' title='bbox 617 2725 639 2768; x_wconf 80' lang='lat' dir='ltr'><strong><em>V</em></strong></span> <span class='ocrx_word' id='word_1_225' title='bbox 687 2715 837 2769; x_wconf 86' lang='lat' dir='ltr'>irascatur:</span> <span class='ocrx_word' id='word_1_226' title='bbox 857 2717 987 2784; x_wconf 87' lang='lat' dir='ltr'>separata</span> <span class='ocrx_word' id='word_1_227' title='bbox 1001 2736 1017 2767; x_wconf 75' lang='lat' dir='ltr'><em>o</em></span> <span class='ocrx_word' id='word_1_228' title='bbox 1075 2721 1093 2769; x_wconf 83' lang='lat'>4</span> <span class='ocrx_word' id='word_1_229' title='bbox 1111 2732 1146 2769; x_wconf 89' lang='lat' dir='ltr'>ne</span> 
     </span>
     <span class='ocr_line' id='line_1_29' title="bbox 134 2784 1147 2891; baseline 0.004 -19"><span class='ocrx_word' id='word_1_230' title='bbox 134 2819 174 2872; x_wconf 90' lang='lat' dir='ltr'>sic</span> <span class='ocrx_word' id='word_1_231' title='bbox 189 2836 261 2888; x_wconf 88' lang='lat' dir='ltr'>quae</span> <span class='ocrx_word' id='word_1_232' title='bbox 276 2822 367 2876; x_wconf 78' lang='lat' dir='ltr'>Desa:</span> <span class='ocrx_word' id='word_1_233' title='bbox 387 2820 533 2889; x_wconf 87' lang='lat' dir='ltr'>neseisque</span> <span class='ocrx_word' id='word_1_234' title='bbox 550 2784 735 2890; x_wconf 59' lang='lat' dir='ltr'>(nesciduell¹</span> <span class='ocrx_word' id='word_1_235' title='bbox 749 2786 881 2890; x_wconf 59' lang='lat' dir='ltr'>nescibas</span> <span class='ocrx_word' id='word_1_236' title='bbox 899 2823 931 2891; x_wconf 79' lang='lat' dir='ltr'>V)</span> <span class='ocrx_word' id='word_1_237' title='bbox 946 2843 981 2890; x_wconf 74' lang='lat'>‘⁰3</span> <span class='ocrx_word' id='word_1_238' title='bbox 995 2838 1031 2875; x_wconf 91' lang='lat' dir='ltr'>ne</span> <span class='ocrx_word' id='word_1_239' title='bbox 1044 2821 1147 2876; x_wconf 75' lang='lat' dir='ltr'>haees</span> 
     </span>
    </p>
   </div>
   <div class='ocr_carea' id='block_1_5' title="bbox 127 2892 1147 3174">
    <p class='ocr_par' dir='ltr' id='par_1_7' title="bbox 127 2892 1147 3174">
     <span class='ocr_line' id='line_1_30' title="bbox 134 2892 1145 2965; baseline 0.005 -22"><span class='ocrx_word' id='word_1_240' title='bbox 134 2895 149 2943; x_wconf 77' lang='grc' dir='ltr'>ὁ</span> <span class='ocrx_word' id='word_1_241' title='bbox 170 2908 227 2944; x_wconf 91' lang='lat' dir='ltr'>non</span> <span class='ocrx_word' id='word_1_242' title='bbox 245 2892 407 2960; x_wconf 87' lang='lat' dir='ltr'>pertineant</span> <span class='ocrx_word' id='word_1_243' title='bbox 424 2901 467 2959; x_wconf 65' lang='grc' dir='ltr'>Δις</span> <span class='ocrx_word' id='word_1_244' title='bbox 489 2909 545 2945; x_wconf 91' lang='lat' dir='ltr'>non</span> <span class='ocrx_word' id='word_1_245' title='bbox 563 2893 706 2960; x_wconf 87' lang='lat' dir='ltr'>pertinent</span> <span class='ocrx_word' id='word_1_246' title='bbox 729 2893 804 2960; x_wconf 50' lang='lat' dir='ltr'>scm</span> <span class='ocrx_word' id='word_1_247' title='bbox 826 2893 907 2965; x_wconf 84' lang='lat' dir='ltr'>&lt;an&gt;</span> <span class='ocrx_word' id='word_1_248' title='bbox 924 2892 1088 2961; x_wconf 88' lang='lat' dir='ltr'>pertineant</span> <span class='ocrx_word' id='word_1_249' title='bbox 1106 2895 1145 2948; x_wconf 88' lang='lat' dir='ltr'>H.</span> 
     </span>
     <span class='ocr_line' id='line_1_31' title="bbox 127 2962 1147 3034; baseline 0.003 -20"><span class='ocrx_word' id='word_1_250' title='bbox 127 2978 158 3029; x_wconf 78' lang='lat' dir='ltr'>p.</span> <span class='ocrx_word' id='word_1_251' title='bbox 175 2966 210 3014; x_wconf 85' lang='grc'>54</span> <span class='ocrx_word' id='word_1_252' title='bbox 278 2963 423 3017; x_wconf 74' lang='lat' dir='ltr'>labitare</span> <span class='ocrx_word' id='word_1_253' title='bbox 440 2972 469 3015; x_wconf 98' lang='grc' dir='ltr'><strong><em>Β</em></strong></span> <span class='ocrx_word' id='word_1_254' title='bbox 533 2962 673 3017; x_wconf 85' lang='lat' dir='ltr'>8habeas</span> <span class='ocrx_word' id='word_1_255' title='bbox 691 2973 760 3031; x_wconf 72' lang='grc' dir='ltr'>ΒΒς</span> <span class='ocrx_word' id='word_1_256' title='bbox 779 2964 866 3018; x_wconf 89' lang='lat' dir='ltr'>habes</span> <span class='ocrx_word' id='word_1_257' title='bbox 884 2964 984 3032; x_wconf 78' lang='lat' dir='ltr'>reliqui</span> <span class='ocrx_word' id='word_1_258' title='bbox 1047 2969 1147 3034; x_wconf 68' lang='lat' dir='ltr'>epar·</span> 
     </span>
     <span class='ocr_line' id='line_1_32' title="bbox 132 3032 1077 3105; baseline 0.004 -21"><span class='ocrx_word' id='word_1_259' title='bbox 132 3034 190 3084; x_wconf 86' lang='lat' dir='ltr'>tem</span> <span class='ocrx_word' id='word_1_260' title='bbox 214 3032 350 3100; x_wconf 73' lang='lat' dir='ltr'>domuse</span> <span class='ocrx_word' id='word_1_261' title='bbox 422 3034 538 3088; x_wconf 82' lang='lat' dir='ltr'>absente</span> <span class='ocrx_word' id='word_1_262' title='bbox 555 3043 584 3088; x_wconf 87' lang='grc' dir='ltr'><strong><em>Β</em></strong></span> <span class='ocrx_word' id='word_1_263' title='bbox 652 3040 682 3101; x_wconf 78' lang='lat' dir='ltr'>in</span> <span class='ocrx_word' id='word_1_264' title='bbox 700 3037 772 3105; x_wconf 89' lang='lat' dir='ltr'>puta</span> <span class='ocrx_word' id='word_1_265' title='bbox 789 3044 822 3089; x_wconf 74' lang='lat' dir='ltr'><em>M</em></span> <span class='ocrx_word' id='word_1_266' title='bbox 899 3035 1031 3088; x_wconf 85' lang='lat' dir='ltr'>miseram</span> <span class='ocrx_word' id='word_1_267' title='bbox 1049 3045 1077 3088; x_wconf 77' lang='lat'>1³</span> 
     </span>
     <span class='ocr_line' id='line_1_33' title="bbox 134 3103 1080 3174; baseline 0.003 -19"><span class='ocrx_word' id='word_1_268' title='bbox 134 3107 167 3155; x_wconf 88' lang='grc'>10</span> <span class='ocrx_word' id='word_1_269' title='bbox 187 3103 313 3159; x_wconf 83' lang='lat' dir='ltr'>sedibus:</span> <span class='ocrx_word' id='word_1_270' title='bbox 337 3105 470 3170; x_wconf 78' lang='lat' dir='ltr'>edibuse</span> <span class='ocrx_word' id='word_1_271' title='bbox 533 3105 594 3173; x_wconf 88' lang='lat' dir='ltr'>qui:</span> <span class='ocrx_word' id='word_1_272' title='bbox 623 3106 686 3174; x_wconf 89' lang='lat' dir='ltr'>quis</span> <span class='ocrx_word' id='word_1_273' title='bbox 704 3116 757 3159; x_wconf 79' lang='lat' dir='ltr'>BV</span> <span class='ocrx_word' id='word_1_274' title='bbox 808 3110 840 3159; x_wconf 90' lang='lat'>11</span> <span class='ocrx_word' id='word_1_275' title='bbox 860 3121 1008 3160; x_wconf 86' lang='lat' dir='ltr'>novercam</span> <span class='ocrx_word' id='word_1_276' title='bbox 1027 3114 1080 3159; x_wconf 77' lang='lat' dir='ltr'>BV</span> 
     </span>
    </p>
   </div>
   <div class='ocr_carea' id='block_1_6' title="bbox 132 3177 1147 3389">
    <p class='ocr_par' dir='ltr' id='par_1_8' title="bbox 132 3177 1147 3389">
     <span class='ocr_line' id='line_1_34' title="bbox 133 3177 1147 3281; baseline 0.005 -19"><span class='ocrx_word' id='word_1_277' title='bbox 133 3210 278 3280; x_wconf 84' lang='lat' dir='ltr'>adsignat:</span> <span class='ocrx_word' id='word_1_278' title='bbox 298 3211 460 3280; x_wconf 82' lang='lat' dir='ltr'>adsignavit</span> <span class='ocrx_word' id='word_1_279' title='bbox 478 3221 515 3279; x_wconf 85' lang='grc' dir='ltr'>Ρ;</span> <span class='ocrx_word' id='word_1_280' title='bbox 536 3211 688 3281; x_wconf 76' lang='lat' dir='ltr'>asignats</span> <span class='ocrx_word' id='word_1_281' title='bbox 756 3218 789 3267; x_wconf 79' lang='lat'>15</span> <span class='ocrx_word' id='word_1_282' title='bbox 807 3177 864 3266; x_wconf 72' lang='lat' dir='ltr'>lhic</span> <span class='ocrx_word' id='word_1_283' title='bbox 881 3223 910 3266; x_wconf 94' lang='grc' dir='ltr'><strong><em>Β</em></strong></span> <span class='ocrx_word' id='word_1_284' title='bbox 970 3218 1005 3266; x_wconf 83' lang='grc'>16</span> <span class='ocrx_word' id='word_1_285' title='bbox 1024 3213 1147 3267; x_wconf 86' lang='lat' dir='ltr'>eredita·</span> 
     </span>
     <span class='ocr_line' id='line_1_35' title="bbox 132 3300 1146 3389; baseline 0.002 -19"><span class='ocrx_word' id='word_1_286' title='bbox 132 3319 189 3370; x_wconf 87' lang='lat' dir='ltr'>tem</span> <span class='ocrx_word' id='word_1_287' title='bbox 207 3327 236 3370; x_wconf 95' lang='grc' dir='ltr'><strong><em>Β</em></strong></span> <span class='ocrx_word' id='word_1_288' title='bbox 295 3305 710 3389; x_wconf 69' lang='lat' dir='ltr'>paenitentid(&#39;pcsuite)11</span> <span class='ocrx_word' id='word_1_289' title='bbox 777 3325 810 3374; x_wconf 88' lang='grc'>18</span> <span class='ocrx_word' id='word_1_290' title='bbox 828 3300 986 3373; x_wconf 68' lang='lat' dir='ltr'>irasbbatur</span> <span class='ocrx_word' id='word_1_291' title='bbox 999 3327 1028 3372; x_wconf 92' lang='grc' dir='ltr'><strong><em>Β</em></strong></span> <span class='ocrx_word' id='word_1_292' title='bbox 1089 3335 1146 3372; x_wconf 91' lang='lat' dir='ltr'>nen</span> 
     </span>
    </p>
   </div>
   <div class='ocr_carea' id='block_1_7' title="bbox 113 3408 1146 3641">
    <p class='ocr_par' dir='ltr' id='par_1_9' title="bbox 113 3408 1146 3641">
     <span class='ocr_line' id='line_1_36' title="bbox 132 3408 1145 3494; baseline 0 -15"><span class='ocrx_word' id='word_1_293' title='bbox 132 3440 181 3479; x_wconf 85' lang='lat' dir='ltr'>om.</span> <span class='ocrx_word' id='word_1_294' title='bbox 197 3433 230 3477; x_wconf 78' lang='grc' dir='ltr'><em>Μ</em></span> <span class='ocrx_word' id='word_1_295' title='bbox 300 3429 332 3477; x_wconf 83' lang='grc'>19</span> <span class='ocrx_word' id='word_1_296' title='bbox 350 3408 511 3494; x_wconf 70' lang='lat' dir='ltr'>pddeeeen</span> <span class='ocrx_word' id='word_1_297' title='bbox 580 3430 615 3479; x_wconf 80' lang='lat'>20</span> <span class='ocrx_word' id='word_1_298' title='bbox 633 3425 784 3480; x_wconf 84' lang='lat' dir='ltr'>heredetas</span> <span class='ocrx_word' id='word_1_299' title='bbox 803 3434 844 3491; x_wconf 75' lang='lat' dir='ltr'>sl,</span> <span class='ocrx_word' id='word_1_300' title='bbox 863 3443 931 3481; x_wconf 75' lang='lat' dir='ltr'>coer.</span> <span class='ocrx_word' id='word_1_301' title='bbox 946 3447 978 3479; x_wconf 76' lang='grc' dir='ltr'>ιι</span> <span class='ocrx_word' id='word_1_302' title='bbox 1036 3427 1145 3480; x_wconf 82' lang='lat' dir='ltr'>utrum:</span> 
     </span>
     <span class='ocr_line' id='line_1_37' title="bbox 131 3497 1145 3568; baseline 0.004 -21"><span class='ocrx_word' id='word_1_303' title='bbox 131 3497 236 3559; x_wconf 74' lang='lat' dir='ltr'>utjrum</span> <span class='ocrx_word' id='word_1_304' title='bbox 254 3506 276 3550; x_wconf 79' lang='lat' dir='ltr'><strong><em>V</em></strong></span> <span class='ocrx_word' id='word_1_305' title='bbox 326 3497 362 3550; x_wconf 87' lang='lat' dir='ltr'>si:</span> <span class='ocrx_word' id='word_1_306' title='bbox 382 3498 463 3551; x_wconf 78' lang='lat' dir='ltr'>sisB</span> <span class='ocrx_word' id='word_1_307' title='bbox 515 3502 547 3550; x_wconf 82' lang='lat'>21</span> <span class='ocrx_word' id='word_1_308' title='bbox 567 3498 727 3568; x_wconf 65' lang='lat' dir='ltr'>{amarem</span> <span class='ocrx_word' id='word_1_309' title='bbox 777 3502 811 3550; x_wconf 80' lang='lat'>23</span> <span class='ocrx_word' id='word_1_310' title='bbox 831 3497 917 3552; x_wconf 89' lang='lat' dir='ltr'>abuto</span> <span class='ocrx_word' id='word_1_311' title='bbox 932 3506 965 3550; x_wconf 77' lang='lat' dir='ltr'>sl</span> <span class='ocrx_word' id='word_1_312' title='bbox 975 3499 1000 3568; x_wconf 88' lang='lat' dir='ltr'>(r</span> <span class='ocrx_word' id='word_1_313' title='bbox 1012 3514 1088 3567; x_wconf 75' lang='lat' dir='ltr'>supr.</span> <span class='ocrx_word' id='word_1_314' title='bbox 1103 3500 1145 3567; x_wconf 72' lang='grc' dir='ltr'>ιι)</span> 
     </span>
     <span class='ocr_line' id='line_1_38' title="bbox 113 3567 1146 3641; baseline 0.006 -25"><span class='ocrx_word' id='word_1_315' title='bbox 113 3571 155 3616; x_wconf 70' lang='lat'>24</span> <span class='ocrx_word' id='word_1_316' title='bbox 182 3567 318 3632; x_wconf 71' lang='lat' dir='ltr'>gravius:</span> <span class='ocrx_word' id='word_1_317' title='bbox 347 3569 447 3641; x_wconf 82' lang='lat' dir='ltr'>gravis</span> <span class='ocrx_word' id='word_1_318' title='bbox 476 3578 528 3623; x_wconf 80' lang='lat' dir='ltr'>BV</span> <span class='ocrx_word' id='word_1_319' title='bbox 605 3574 640 3623; x_wconf 74' lang='lat' dir='ltr'>‘ze</span> <span class='ocrx_word' id='word_1_320' title='bbox 665 3571 751 3638; x_wconf 78' lang='lat' dir='ltr'>teque</span> <span class='ocrx_word' id='word_1_321' title='bbox 777 3568 905 3623; x_wconf 86' lang='lat' dir='ltr'>absoleta</span> <span class='ocrx_word' id='word_1_322' title='bbox 932 3590 955 3622; x_wconf 80' lang='lat' dir='ltr'>e</span> <span class='ocrx_word' id='word_1_323' title='bbox 979 3575 1089 3639; x_wconf 74' lang='lat' dir='ltr'>preater</span> <span class='ocrx_word' id='word_1_324' title='bbox 1116 3578 1146 3636; x_wconf 74' lang='lat'>8,</span> 
     </span>
    </p>
   </div>
   <div class='ocr_carea' id='block_1_8' title="bbox 0 0 1208 3840">
    <p class='ocr_par' dir='ltr' id='par_1_10' title="bbox 0 0 1208 3840">
     <span class='ocr_line' id='line_1_39' title="bbox 0 0 1208 3840; baseline 0 2"><span class='ocrx_word' id='word_1_325' title='bbox 0 0 1208 3840; x_wconf 95' lang='lat' dir='ltr'> </span> 
     </span>
    </p>
   </div>
  </div>
 </body>
</html>
