2408 3840
143 159 205 222 196
409 156 626 211 SEPVLCRVM
643 155 887 211 INGANTATVM

141 345 219 385 nunc
241 327 338 386 minus
361 326 433 384 mali
456 329 618 401 pateretur,
641 328 668 385 si
689 344 749 384 non
771 326 902 384 sentiret.
944 325 996 385 ille
1020 326 1074 401 qni
1094 344 1152 384 non

141 417 223 475 venit
250 416 282 473 in
305 416 452 490 quendam
480 434 639 490 carcerem,
665 415 829 473 translatus
852 433 871 473 a
898 415 1014 474 tumulo
1039 416 1152 491 patitur

142 504 282 563 veneficia
304 508 393 563 vitae.
438 523 564 581 magnae
592 507 662 563 sunt
685 522 754 580 ergo
782 503 955 562 umbrarum
979 506 1102 562 catenae
1124 506 1153 562 et

142 613 324 669 quamquam
346 594 501 652 volatilem
523 612 688 671 vagamque
711 593 873 670 imaginem
894 592 985 652 morti
1003 595 1153 671 stringrmt

143 685 232 758 atque
251 682 379 760 alligant
401 685 555 757 tamquam
572 701 657 740 reum
682 700 787 758 corpus
811 682 950 740 animam.
985 681 1066 742 ferro
1084 700 1152 741 vero
1172 700 1182 742 s

142 791 177 830 ac
204 772 352 848 lapidibus
381 775 478 830 artare
506 774 549 845 et,
576 775 610 830 ut
637 772 733 830 solent
759 770 882 829 bellicae
905 770 996 830 robur
1023 771 1154 846 accipere

142 865 254 936 portae,
276 862 373 936 ipsam
395 859 531 919 umbram
553 863 615 919 iam
637 860 749 920 catenis
772 860 910 937 alligare,
932 861 995 918 iam
1017 861 1152 920 claustris

142 970 201 1009 non
220 950 285 1009 dico
306 950 422 1009 crudele
441 952 494 1024 est,
517 950 730 1025 portentosum,
753 948 909 1023 nefarium,
931 950 1037 1024 utique
1056 949 1083 1008 si
1099 950 1153 1008 hcc

142 1039 234 1099 faciat
257 1040 309 1114 qui
328 1057 482 1098 sensurum
500 1038 595 1096 filium
613 1038 722 1096 credat.
759 1041 789 1097 et
807 1057 884 1097 nunc
901 1037 970 1097 illos
988 1040 1153 1097 miserrima

142 1133 237 1187 mater
259 1129 292 1185 in
310 1146 416 1203 corpus
433 1129 522 1203 putat
540 1130 570 1186 et
588 1130 621 1186 in
638 1127 770 1186 membra
788 1127 972 1186 descendisse
991 1145 1152 1186 mucrones.
1163 1143 1181 1184 u

107 1220 125 1271 9
211 1217 235 1276 Ο
258 1236 345 1294 mage
368 1235 462 1290 saeve,
486 1216 623 1290 crudelis,
645 1235 662 1275 o
685 1217 717 1274 in
739 1216 877 1275 lacrimas
898 1215 1007 1275 artifex
1029 1219 1152 1290 nostras,

142 1307 249 1365 vellem
264 1325 323 1364 non
337 1306 465 1364 dedisses
484 1308 547 1364 tam
564 1324 707 1383 magnum
726 1305 969 1381 experimentum.
999 1305 1153 1365 irascimur

142 1395 211 1469 tibi,
241 1397 271 1453 et
293 1395 423 1453 blandiri
444 1413 561 1454 necesse
585 1397 637 1453 est.
682 1394 753 1453 dum
777 1393 870 1453 cludis
892 1393 1044 1469 umbram,
1068 1396 1152 1453 intel-

143 1485 268 1543 leximus
291 1484 388 1543 solum
410 1486 440 1542 te
464 1503 526 1544 esse
550 1483 600 1558 qui
622 1484 717 1559 possis
741 1502 871 1542 evocare.

209 1573 336 1631 Videtur
357 1574 460 1648 itaque
483 1573 590 1631 mulier
610 1572 715 1630 infelix
738 1591 756 1630 a
775 1571 930 1648 dignitatis
953 1572 1055 1632 dolore
1078 1587 1181 1631 seces

144 1663 224 1736 dere,
253 1663 331 1736 quod
358 1665 421 1720 tam
447 1663 566 1720 uxorias
593 1662 626 1720 in
652 1663 750 1720 forum
777 1661 911 1736 querelas
939 1663 970 1719 et
1001 1664 1152 1737 tamquam

143 1752 270 1810 delicata
297 1754 450 1810 matronae
478 1751 623 1810 desideria
650 1751 814 1825 pertulerit.
859 1769 919 1809 non
948 1752 1029 1809 enim
1058 1753 1151 1810 vestes

143 1859 196 1898 neo
223 1859 329 1898 aurum
355 1858 408 1899 nec
436 1840 622 1920 ambitiosos¹
635 1841 753 1915 quaerit
779 1841 914 1914 omatus,
943 1842 1084 1898 contenta
1110 1841 1152 1898 est

144 1929 255 1988 orbitas
278 1929 412 1988 sordibus
436 1931 504 1989 suis.
547 1947 581 1987 ac
603 1947 657 1987 nec
679 1929 783 2004 pelicis
807 1928 926 2004 quidem
951 1928 1055 1988 dolore
1078 1947 1151 1988 com·

142 2018 273 2094 pellitur,
300 2037 353 2076 nec
376 2020 468 2078 tacita
495 2017 604 2096 gaudia
627 2019 729 2076 mariti
750 2018 941 2094 impatientia
963 2019 995 2076 et
1017 2016 1180 2076 muliebris

143 2109 276 2166 vanitate
300 2107 471 2183 complorat.
517 2106 568 2165 sed
590 2125 645 2165 nec
666 2107 803 2165 relictum
824 2109 924 2165 torum
948 2105 1151 2182 desertumque

143 2197 289 2273 genialem
321 2198 403 2255 velut
435 2198 605 2272 contempta
631 2195 733 2255 vilitas
764 2195 864 2254 uxoris
895 2195 1063 2254 ulciscitur:
1096 2195 1152 2254 alia

143 2287 238 2364 longe,
262 2287 322 2345 alia
345 2285 381 2344 de
404 2286 539 2344 noctibus
563 2303 633 2343 eura
651 2287 703 2344 est.
740 2303 777 2342 ne
795 2285 939 2359 timueris,
963 2301 1151 2360 quaecunque

144 2375 273 2451 dignitas
297 2377 342 2433 est
364 2377 467 2452 magni
489 2374 612 2432 doloris:
635 2374 710 2431 nihil
732 2375 866 2449 queritur
888 2374 997 2433 misera
1020 2374 1080 2434 nisi
1101 2391 1152 2450 par

143 2464 274 2538 orbitati,
291 2465 350 2522 nisi
367 2465 457 2522 matri
476 2464 609 2539 dignum,
624 2463 702 2537 quod
720 2462 854 2538 publicos
872 2465 1030 2521 consumat
1047 2464 1180 2533 oculos!

144 2553 223 2628 quod
249 2554 369 2629 ignotas
397 2571 513 2628 quoque
542 2554 641 2629 exigat
666 2553 812 2611 lacrimas.
859 2553 1004 2627 quantam
1031 2553 1151 2611 enima

142 2642 250 2700 marito
274 2644 419 2718 acceperit
441 2641 583 2700 iniuriam
606 2641 680 2700 scire
704 2638 817 2700 wiltis?
854 2641 918 2700 sola
940 2644 1038 2699 mater
1060 2641 1152 2699 filium

142 2730 273 2806 perdidit
299 2749 353 2789 nec
383 2733 481 2807 potest
510 2730 654 2789 invidiam
683 2731 780 2788 facere
807 2730 906 2789 morti.
952 2734 1024 2789 ante
1052 2731 1152 2806 itaque

143 2839 233 2895 quam
251 2821 361 2895 sciatis,
384 2820 504 2894 iudiceS,
523 2819 588 2894 quis
607 2819 691 2879 dolor
709 2819 812 2909 quisve
830 2837 955 2894 maeror,
975 2836 1052 2894 quae
1070 2821 1152 2877 tanta

216 3015 229 3060 1
249 3009 361 3079 minus}
379 3012 396 3061 3
414 3010 454 3062 cel
473 3013 490 3061 4
508 3009 559 3061 litt.
579 3024 614 3061 er.
634 3015 667 3059 s!
736 3011 751 3058 3
772 3005 908 3060 beneficia
924 3014 984 3058 ml
1000 3005 1058 3075 (vel
1075 3021 1153 3060 vene·

143 3080 206 3133 ficia
224 3082 265 3148 m)
337 3096 419 3148 mage
433 3089 485 3132 BV
552 3085 759 3147 dquamquam
777 3095 827 3132 ora
843 3087 871 3130 P
939 3083 1069 3131 oretum
1087 3086 1108 3129 ν

144 3150 292 3219 'lalligari
307 3160 338 3202 M
354 3151 407 3220 (vel
421 3150 592 3220 alligarem)
660 3150 907 3217 8p0rtentnosum
925 3156 959 3200 Ι
1023 3154 1056 3203 10
1074 3148 1154 3218 patet

143 3232 176 3288 B,
195 3241 214 3275 u
232 3233 341 3291 supas
439 3228 470 3275 11
490 3220 613 3274 lacrimis
631 3230 659 3273 B
743 3225 776 3273 12
799 3219 899 3273 vellem
920 3218 1041 3274 desisaea
1058 3228 1087 3272 Β

144 3300 177 3347 13
196 3293 338 3357 claudias
407 3297 439 3346 19
459 3292 516 3345 suis
535 3291 663 3345 sordibus
682 3300 709 3343 B
769 3306 805 3344 ne
823 3290 922 3359 pelicis
944 3299 1000 3354 Vae
1061 3296 1095 3344 20
1112 3292 1152 3343 ta

143 3365 212 3419 cita:
231 3365 346 3429 tantas
404 3369 436 3417 21
456 3363 568 3417 thorum
581 3373 644 3429 Bra
702 3367 735 3414 22
755 3363 886 3415 contenta
904 3371 925 3414 V
976 3360 1154 3415 retinuerit

143 3437 200 3491 Scb.
258 3442 292 3489 24
311 3451 340 3489 cs
359 3446 379 3488 ν’
443 3441 476 3487 25
495 3435 580 3488 matri
597 3452 631 3488 es
648 3435 737 3487 matre
755 3443 783 3486 B
849 3439 882 3487 26
902 3432 1063 3487 amaritudo
1080 3443 1106 3487 J

138 3548 175 3596 ee
189 3542 360 3616 succisis
410 3547 443 3597 29
463 3524 559 3596 qma
575 3551 601 3595 r»
