2408 3840
144 143 187 207 96
476 141 599 197 AEGER
616 141 836 196 asnutffrvs

141 311 291 370 adfectum
313 310 410 385 debes,
432 311 479 370 sin
500 309 606 385 minus,
630 310 805 370 necessitate
828 312 1015 387 servitutem,
1038 312 1156 388 patien-

140 403 223 458 tiam.
269 419 328 460 non
360 403 516 476 tamquam
546 403 633 475 pater
664 400 757 459 alitur
788 400 841 475 qui
871 402 1028 476 tamquam
1060 401 1155 460 bonus

141 491 267 547 amatur.

105 577 125 632 9
210 576 339 653 Sepone,
366 577 494 651 iuvenis,
523 577 607 636 differ
635 578 782 653 querelas,
810 579 882 636 tunc
905 577 1056 652 irasceris,
1083 580 1155 637 tune

142 666 250 726 obicies
273 666 355 740 mihi,
378 684 446 726 cum
467 667 724 742 prosperitatium,
748 685 815 725 cum
837 665 1034 725 secundorum
1055 666 1186 727 efficias

141 755 307 831 deposcam.
352 774 411 815 non
438 756 509 814 talis
538 754 576 813 ad
602 759 655 814 tua
682 775 780 832 genua
806 755 975 830 provolvor,
1002 757 1039 814 ut
1065 757 1154 816 aesti-

140 844 265 903 mandus
289 846 352 903 sim.
398 844 475 902 nulli
496 845 594 904 malus
617 848 662 904 est
684 847 779 920 pater,
807 862 873 903 cum
896 862 959 903 esse
987 845 1090 921 coepit
1111 845 1153 903 in·

140 933 219 994 felix.
266 934 373 1008 aspicis
397 933 560 1008 collapsum
583 936 613 993 et
636 953 671 992 ex
693 935 774 992 omni
801 933 1021 992 calamitatium
1047 952 1152 1010 genere

140 1025 281 1081 miserum
305 1025 343 1098 et,
365 1022 446 1080 ultra
470 1021 549 1097 quod
572 1022 768 1081 accidentium
790 1039 928 1080 mensura
950 1041 1011 1080 non
1030 1024 1101 1098 exit,
1122 1024 1153 1081 in

141 1111 269 1171 orbitate
283 1112 458 1170 mendicum.
495 1111 574 1188 riget
592 1111 722 1187 squalidi
740 1111 848 1186 capitis
864 1112 1002 1169 concreta
1020 1112 1151 1186 canities,
1163 1129 1185 1170 11

140 1203 227 1276 vigor
248 1200 369 1275 pristini
391 1201 492 1259 uultus
510 1200 613 1260 vacuis
636 1199 798 1259 luminibus
821 1199 960 1273 intabuit,
983 1202 1015 1259 et
1031 1219 1087 1275 per
1104 1200 1152 1259 ob·

141 1288 286 1347 stantium
309 1288 434 1347 crinium
460 1289 603 1348 inluviem
631 1289 729 1348 tenuis
757 1288 903 1348 arentium
931 1289 1030 1348 iactus
1054 1289 1152 1348 corilo·

140 1397 214 1435 rum.
260 1377 362 1436 haeret
390 1377 533 1436 adstricta
560 1378 680 1437 nudatis
709 1377 822 1437 ossibus
849 1377 926 1437 cutis
953 1380 985 1436 et
1013 1378 1045 1435 in
1075 1378 1151 1437 fame

141 1484 196 1525 sua
218 1466 336 1525 homine
357 1469 540 1541 consumpto,
561 1467 623 1524 iam
641 1466 773 1525 membra
791 1468 854 1526 sine
873 1484 1004 1542 corpore.
1040 1465 1151 1526 Iterum

140 1555 234 1613 bonus
257 1573 330 1613 sum.
367 1554 399 1612 in
421 1555 580 1631 pristinam
602 1555 776 1632 religionem
798 1556 835 1615 de
858 1555 1077 1615 calamitatium
1100 1556 1183 1615 hors

140 1662 212 1702 nore
241 1645 390 1702 restituor.
436 1644 548 1703 adeone
578 1664 638 1704 non
666 1643 777 1704 habent
805 1644 879 1703 haec
907 1645 973 1721 ipsa
1004 1645 1150 1721 supplicia

140 1749 264 1807 poenae,
288 1732 367 1808 quod
389 1751 491 1809 posco,
515 1733 593 1809 quod
616 1751 702 1810 rogo,
726 1733 804 1809 quod
831 1733 983 1792 mendicus
1007 1752 1075 1792 sum
1097 1732 1150 1792 filii

139 1819 219 1878 mei?
256 1823 286 1879 et
309 1825 434 1896 quanta,
456 1822 499 1881 dii
521 1822 664 1897 deaeque,
686 1842 746 1882 non
768 1823 894 1898 possunt
910 1841 965 1897 pro
987 1821 1075 1882 nobis
1097 1822 1149 1880 im·

140 1912 257 1986 petrare
288 1908 390 1986 leges?
435 1913 548 1986 quanto
575 1911 663 1986 plura
690 1913 760 1970 sunt
788 1929 863 1987 quae
892 1913 1054 1988 negantur,
1085 1929 1150 1970 eum

140 2002 294 2074 praestant
325 1997 435 2058 inviti?
478 2018 538 2058 non
570 2001 670 2077 erigo,
701 2002 735 2057 ut
762 2000 822 2058 tuis
851 2000 989 2058 monibus
1009 2002 1182 2075 comiquers

141 2089 230 2157 cibos,
252 2092 286 2146 at
308 2088 478 2163 consoleris,
501 2091 535 2147 ut
557 2090 671 2162 foueas:
688 2091 789 2161 proice
811 2088 891 2164 quod
912 2089 1046 2160 rapiam,
1070 2088 1150 2147 abice

141 2177 220 2253 quod
247 2176 393 2253 colligam.
439 2195 532 2254 genus
554 2177 678 2236 ultionis
702 2180 746 2236 est
768 2195 900 2252 pascere,
928 2195 982 2235 nee
1008 2177 1150 2236 misereri,

140 2267 166 2325 si
188 2268 303 2339 tamen,
330 2265 457 2341 indicae,
484 2266 531 2325 fas
554 2270 599 2325 est
620 2267 784 2342 impietatis
806 2267 895 2325 huius
917 2265 995 2324 ullas
1019 2268 1151 2344 accipere

141 2372 258 2429 causas,
286 2354 433 2413 etlilium
456 2355 508 2430 qui
530 2374 590 2414 non
613 2355 681 2432 alit,
709 2355 823 2431 putatis
846 2354 967 2414 reddere
994 2372 1083 2430 posse
1105 2375 1149 2413 ra·

140 2445 265 2517 tionem,
292 2444 447 2502 aestimate
470 2463 524 2519 per
550 2443 638 2503 fidem
661 2443 740 2520 quod
763 2443 804 2502 sit
830 2444 945 2503 facinus
967 2443 1046 2502 illud
1069 2445 1181 2503 euiuss

139 2533 284 2590 ultionem
311 2532 417 2591 debeat
445 2534 559 2610 exigere
587 2532 683 2609 aliqui
710 2531 746 2591 de
773 2532 852 2591 fame
878 2532 982 2607 patris.
1029 2536 1150 2610 captum

139 2640 200 2695 me,
223 2621 334 2696 inquit,
357 2640 416 2680 non
438 2621 597 2680 redemisti.
644 2623 710 2697 quis
733 2640 792 2680 non
814 2623 901 2697 putet
922 2621 1008 2696 queri
1026 2621 1068 2680 de
1091 2622 1150 2680 filio

139 2708 276 2785 patrem?
321 2728 536 2785 quemquamne
560 2710 706 2769 dicentem
728 2711 835 2769 feram:
861 2704 949 2773 ‘nihil
970 2709 1028 2768 tibi
1051 2710 1151 2785 debeo,

212 2849 226 2896 1
245 2843 441 2897 necessitatem
459 2853 500 2910 Β,
523 2842 569 2896 vel
586 2843 753 2898 necessitate
770 2861 845 2913 supr.
859 2864 891 2896 n·
980 2849 997 2896 2
1017 2843 1102 2898 aliter
1120 2853 1151 2909 P,

139 2931 207 2969 corr.
220 2936 242 2975 ρ
313 2915 566 2984 oprosperitatum
588 2923 627 2966 w
694 2931 770 2970 cum:
791 2924 851 2969 eP
915 2914 1102 2969 secundorum
1119 2932 1152 2970 aa

140 2985 296 3038 seculorum
313 2995 352 3053 Β;
371 2986 561 3050 seculorums
614 2985 844 3040 8calamitatum
861 2995 930 3040 rm
981 2987 1151 3042 9111111111-

139 3056 211 3110 tium
233 3066 255 3109 V
323 3063 355 3110 11
380 3057 552 3111 obstantiam
570 3065 598 3109 B
670 3063 702 3111 12
726 3057 856 3111 crinium.
880 3058 1059 3113 ialtmm
1047 3076 1080 3113 m
1097 3075 1150 3113 rae

139 3129 222 3182 21111.
237 3137 276 3195 Β;
295 3133 442 3194 eriminum
461 3128 579 3181 crinium
602 3137 623 3179 V
688 3135 721 3183 14
740 3131 905 3198 consumpta
923 3138 951 3182 Β
1023 3135 1057 3185 ts
1076 3129 1151 3184 (arelo¹

139 3199 271 3252 mitatum
292 3209 331 3251 w
380 3184 499 3254 horrore
516 3211 572 3302 roN
607 3204 640 3253 18
659 3202 767 3269 quanta
784 3209 869 3264 ΒΜγε
888 3214 974 3269 quam
991 3199 1084 3255 multa
1102 3210 1154 3265 rec

139 3310 174 3359 10
197 3307 343 3391 praestant
359 3315 398 3373 Β;
425 3308 571 3376 praestant
593 3316 614 3358 v
687 3311 720 3359 20
731 3323 770 3375 sq
790 3307 872 3361 cerba
889 3307 987 3361 litteris
1008 3308 1152 3363 inclinate

61 3386 64 3391 '
139 3379 285 3431 exarata
272 3395 304 3432 aa
321 3395 376 3432 rae.
390 3387 419 3431 Β
492 3377 622 3459 manibus
641 3378 737 3447 exigas
756 3377 884 3448 porrigas
902 3387 928 3431 J
1002 3381 1150 3433 1811111111

139 3464 189 3502 om.
205 3458 237 3513 P,
256 3465 331 3517 supr.
344 3471 365 3510 ρ
437 3448 622 3504 15111111
691 3455 724 3503 26
743 3449 851 3503 ultione
869 3461 890 3501 c
950 3448 1041 3504 aliur
1032 3450 1151 3506 ’.111111

140 3490 249 3586 aliquid
267 3529 361 3587 Broc,
383 3519 486 3589 aliquis
506 3529 552 3584 Βγ
623 3525 657 3573 28
676 3520 765 3574 feram
783 3537 817 3574 ec
833 3519 894 3574 fero
911 3525 945 3575 aet
984 3522 990 3533 '
1087 3530 1120 3577 Ι
