2408 3840
141 125 207 188 418
456 121 648 176 Excussis
667 120 845 182 PARISINA.

142 295 263 368 incipio.
304 311 365 352 non
388 292 536 365 emendor,
560 292 611 351 sed
632 293 805 352 transferor.
829 291 876 350 M.
894 309 955 350 non
978 294 1158 369 sumpsisses.

141 401 202 440 non
224 383 311 457 potui
334 381 423 440 aliter
445 400 506 439 non
532 380 662 440 amanda
689 399 836 456 separare.
877 381 910 438 P.
929 383 1017 456 atqui
1040 384 1160 441 coniun-

141 473 220 528 xisti.
260 469 332 545 quid
348 472 475 530 interest
494 469 641 545 quomodo
659 489 721 530 non
737 470 829 529 liceat
849 467 1006 530 oblivisci?
1044 473 1092 529 Μ.
1111 473 1161 547 qui

141 578 279 634 perosam
301 577 361 617 non
384 558 584 633 obliviscitur,
605 561 639 618 iu
662 577 764 618 amore
787 576 864 634 quae
887 561 918 619 et
941 562 1057 635 quanta
1079 563 1160 636 pate-

141 649 237 708 retur!
279 647 365 707 dolor
387 648 437 707 hic
460 666 548 723 saepe
571 650 634 727 egit
655 650 689 707 in
710 647 842 723 laqueos.
883 649 1049 708 remedium
1072 652 1192 710 mortis

140 738 207 796 tuli.
248 737 282 796 P.
301 756 361 795 non
390 737 486 795 habeo
509 739 648 815 gratiam.
689 738 735 796 M.
753 755 815 797 non
843 739 983 814 exspecto
1008 739 1161 798 immodici

141 827 257 886 ardoris
279 825 398 884 fidelem
425 844 488 885 esse
515 828 620 886 statim
647 827 816 886 sanitatem.
858 827 911 902 qui
937 829 1002 886 tum
1024 829 1160 906 ingratus

141 920 194 988 est,
216 933 277 973 non
299 917 401 990 potuit
422 917 483 974 nisi
499 934 610 993 magno
633 917 743 975 sanari.
783 915 818 974 P.
836 917 926 976 nimis
949 934 1063 994 magne
1086 921 1159 978 sunt

139 1024 200 1063 non
223 1007 348 1079 possunt
369 1006 469 1063 totum
488 1006 621 1064 animum
645 1004 684 1065 ed
700 1024 794 1062 uuum
817 1005 1021 1084 constiingere
1045 1025 1161 1066 sensum

140 1095 198 1153 nisi
222 1094 356 1152 omnium
378 1093 578 1152 membrorum
606 1095 808 1170 corruptione.-
847 1093 959 1169 ubique
982 1097 1089 1155 anima
1110 1099 1192 1157 esta

139 1184 185 1241 M.
204 1184 310 1257 timeo,
338 1201 378 1241 ne
404 1183 484 1241 levia
511 1184 585 1257 sint,
607 1186 680 1243 tunc
706 1183 909 1260 intelligemus
931 1186 964 1242 te
987 1202 1093 1244 amare
1115 1185 1160 1244 de

140 1274 233 1344 siisse,
256 1289 324 1331 cum
346 1271 468 1332 desieris
491 1271 596 1332 odisse.
638 1271 670 1329 P.
690 1273 757 1347 quis
780 1273 877 1350 magis
904 1272 970 1332 odit
993 1292 1089 1348 quam
1113 1276 1161 1350 qui

139 1360 274 1419 veneficii
291 1378 419 1436 poenam
438 1358 553 1439 exigit?
588 1362 634 1419 Μ.
654 1359 727 1436 quid
744 1362 789 1420 ais
807 1359 949 1421 demens?
983 1363 1161 1443 intellegite,

138 1450 264 1522 iudices,
297 1451 323 1509 si
354 1452 482 1510 mortem
513 1469 611 1509 meam
642 1450 721 1511 ferre
751 1451 876 1526 poterit,
912 1448 952 1508 ob
983 1449 1160 1512 beneficium

139 1539 319 1614 supplicium
341 1539 418 1612 fero,
444 1540 470 1598 si
492 1540 605 1613 minus,
628 1538 666 1598 ob
693 1538 875 1600 calumniam
892 1540 1092 1600 immeritem.
1131 1542 1160 1600 P.
1172 1561 1190 1600 u

138 1629 248 1700 fateor,
276 1628 402 1688 iudices:
431 1647 486 1687 nec
513 1629 628 1687 viventi
662 1631 766 1706 gratus
796 1647 864 1688 sum
896 1647 953 1688 nec
981 1633 1161 1691 morientem

138 1719 216 1775 ferre
238 1735 366 1791 possum.

475 1876 554 1935 XVI.
584 1876 680 1936 Amor
702 1893 812 1936 venne.

203 2000 419 2076 Arpcmeotum
441 2019 468 2060 o.
481 2020 515 2075 p.
535 2004 611 2070 290,
631 2005 683 2061 11.

203 2091 312 2149 Filius.
352 2109 421 2149 cum
442 2091 603 2164 invidiam,
625 2090 659 2149 P.
680 2088 721 2164 0,
743 2090 844 2166 patiar
870 2092 1002 2151 hominis
1029 2096 1084 2170 qui
1107 2093 1189 2156 sitia

136 2199 196 2237 non
218 2181 387 2255 reliquerit,
414 2181 450 2237 ut
473 2183 590 2238 amaret
613 2182 644 2239 et
665 2182 806 2254 metrem,
833 2179 866 2238 id
887 2182 1012 2240 tuntum
1036 2200 1057 2242 a
1080 2183 1157 2243 vobis

135 2269 288 2343 postulare
306 2269 384 2342 volo,
407 2286 445 2326 ne
467 2268 549 2344 apud
566 2285 620 2328 vos
638 2286 779 2344 praesens
796 2269 918 2327 miseria
936 2287 1033 2344 quam
1058 2272 1156 2333 absens

135 2358 202 2432 plus
221 2359 323 2433 possit.
361 2359 521 2432 utramque
538 2360 726 2434 praesentem
740 2358 905 2417 aestimate.
942 2359 1058 2420 Mater.
1095 2381 1157 2422 cum

135 2447 246 2506 multas
270 2447 467 2520 calamitates,
489 2447 616 2520 iudices,
643 2447 750 2505 timere
773 2448 900 2507 caecitas
923 2447 1035 2508 edocta
1059 2449 1156 2525 sitid

134 2555 288 2610 nunquam
311 2537 547 2611 expectaueram,
569 2554 607 2594 ne
629 2535 711 2596 filius
734 2535 849 2597 solutus
871 2537 963 2595 matri
986 2555 1185 2600 succurreres

134 2624 235 2683 nollet.
277 2625 313 2684 F.
334 2626 387 2699 qui
414 2623 551 2684 solutus?
576 2625 708 2683 minime.
755 2626 884 2684 amicum
911 2627 992 2684 enim
1024 2629 1153 2708 alligavi

133 2715 262 2787 tyranno
282 2713 325 2772 dii
342 2713 536 2788 hominesque
555 2712 724 2772 invideant!
766 2715 823 2773 soit
840 2714 936 2792 ligare
955 2718 1080 2792 amieos,
1103 2719 1155 2777 scit

133 2803 234 2860 tenere
256 2802 401 2862 dimissos.
442 2804 487 2861 M
508 2802 546 2861 ad
563 2806 727 2878 tyrannum
744 2801 812 2877 ibis,
834 2804 947 2881 insane,
968 2807 1022 2880 qui
1041 2810 1074 2866 te
1091 2825 1152 2866 exo

134 2910 200 2949 sum
214 2891 314 2965 habet,
329 2893 381 2966 qui
394 2894 564 2950 venientem
576 2889 758 2950 interficiet?
797 2892 834 2951 F.
849 2911 910 2951 non
928 2892 994 2952 odit
1007 2897 1151 2971 tyrannus

204 3100 330 3148 lanon
349 3096 472 3150 amanda
495 3105 551 3164 ηις
570 3112 587 3150 a
606 3099 635 3151 te
655 3097 778 3151 amende
792 3097 918 3165 separari
934 3107 962 3152 n
1037 3098 1148 3153 'lardo-

131 3183 190 3219 rcm
212 3174 258 3218 rt
333 3171 447 3222 flesset
465 3177 540 3221 PVB
615 3171 741 3223 9totam
765 3168 889 3223 animam
908 3177 987 3223 lm
1065 3178 1097 3225 11
1114 3169 1146 3224 ti·

131 3253 220 3363 3501}
225 3253 310 3362 ivrp'mo
325 3247 353 3291 B
414 3242 493 3293 tunc:
513 3256 569 3293 non
583 3249 611 3293 B
673 3239 785 3294 dedisse
803 3249 849 3294 VB
912 3246 946 3294 13
966 3240 1054 3312 erigit
1075 3250 1118 3294 Vt

204 3437 236 3485 18
256 3433 340 3488 amici
358 3434 445 3488 vades
459 3396 523 3488 xiu
540 3433 586 3488 lex
600 3444 628 3488 P
698 3440 732 3490 22
751 3435 890 3505 postulari
908 3446 930 3490 V
999 3443 1034 3493 2⁶
1052 3450 1143 3506 expec-

128 3504 255 3561 taveram
269 3513 298 3561 P
309 3522 385 3563 moa.
401 3511 430 3561 l:
450 3505 665 3577 desperaveram
679 3516 704 3560 Ρ
719 3523 793 3561 mua.
807 3511 827 3562 2
841 3516 921 3563 m
