2408 3840
410 165 644 222 DECLAMATIO
662 167 714 222 ΧΠ
728 173 804 221 3-6.
922 225 924 228 ⁴
1047 168 1111 232 221

100 336 199 413 qualis
223 335 298 395 alias
322 335 359 394 ab
382 337 521 413 agricolis
545 339 677 396 accusari
700 337 788 410 solet,
815 337 940 413 perfidie
967 342 1114 396 terrarum

99 429 130 484 et
152 427 291 503 ingratae
313 426 416 484 messis
439 426 549 484 inritus
572 425 664 484 labor.
700 445 778 485 nova
796 428 826 484 et
846 426 984 485 inaudita
1002 426 1113 484 abomi-

99 514 200 574 nanda
227 514 291 573 lues
314 533 390 590 quae
417 514 494 572 nihil
521 514 636 573 homini
662 514 787 590 reliquit
811 518 929 591 praeter
955 516 1113 574 hominem.

100 606 154 662 aut
181 603 305 662 astricta
328 605 404 662 citra
432 604 571 662 conatum
594 606 660 662 seta
683 604 737 662 sub
764 605 838 678 ipsis
866 604 987 662 tabuere
1015 605 1114 678 sulcis,

75 694 154 753 seut
176 693 238 750 levi
259 710 325 751 rore
344 694 466 757 evocata
484 691 569 750 radix
587 693 619 750 in
642 693 794 768 pulverem
816 695 950 765 incurrit,
975 695 1027 750 aut
1049 712 1114 769 per-

100 782 177 841 ustis
200 780 314 839 torrido
337 780 398 840 sole
420 780 519 839 herbis
541 781 718 840 moribunda
741 801 823 858 seges
852 782 968 857 palluit.
1014 782 1114 840 nullus

100 869 198 928 imber
225 870 354 928 sitientis
381 870 438 929 soli
465 870 618 945 pulverem
645 872 744 944 tersit,
773 871 856 928 nulla
884 888 971 946 super
999 874 1114 930 arentes

100 977 223 1034 campos
246 958 352 1018 saltem
374 960 479 1017 umbra
507 958 640 1016 nubium·
653 960 802 1035 pependit.
850 959 940 1019 calidi
965 961 1114 1034 spiravere

100 1049 198 1121 venti,
230 1049 435 1106 maturitatem
467 1049 619 1123 praecepit
650 1051 761 1122 aestus,
794 1050 885 1107 etiam
913 1049 1008 1108 sicubi
1038 1049 1115 1106 forte

62 1137 221 1197 roieiunae
243 1136 350 1196 herbae
374 1137 470 1195 solum
493 1138 634 1211 vicerant,
658 1139 743 1196 vanis
766 1139 886 1196 tantum
909 1139 1009 1196 aristis
1032 1156 1115 1212 spem

101 1315 178 1372 nihil
201 1315 357 1374 relicturis.
394 1314 473 1374 levis
491 1334 605 1390 queror.
643 1318 730 1391 prata
754 1317 938 1388 exaruerunt,
962 1315 1150 1391 perieruntb

101 1403 230 1476 frondes,
248 1405 382 1479 germina
395 1422 454 1462 non
474 1405 615 1478 exierunt,
633 1404 713 1463 nuda
726 1409 807 1463 terra
824 1407 855 1464 et
867 1404 954 1463 mdes
969 1404 1072 1482 glebae
1086 1407 1117 1463 et

101 1491 181 1550 aridi
204 1492 300 1551 fontes
319 1494 411 1550 erant.
448 1494 507 1552 nisi
525 1493 598 1551 haec
616 1495 716 1551 omnia
738 1495 817 1552 inter
835 1496 960 1553 scientes
979 1494 1115 1568 dicerem,

64 1600 89 1641 11
102 1584 239 1657 poteram
271 1580 367 1639 videri
397 1582 473 1641 falso
501 1584 621 1657 questus
650 1582 685 1641 de
714 1583 770 1640 hoc
802 1601 878 1641 anno
910 1601 968 1658 quo
998 1585 1116 1641 tantum

101 1671 247 1728 frumenti
269 1670 463 1730 vendidimus.
500 1672 617 1729 utinam
639 1673 746 1731 saltem
768 1672 853 1731 nobis
875 1672 980 1730 rudem
1002 1673 1116 1730 victum

102 1759 197 1818 silvae
216 1759 443 1833 ministrassent,
462 1762 492 1818 et
511 1778 631 1835 carpere
649 1761 778 1834 arbusta,
793 1764 947 1820 concutere
967 1780 1116 1836 quercum,

101 1848 201 1925 legere
224 1848 310 1924 fraga
332 1848 482 1922 licuisset,
501 1852 532 1906 et
555 1868 746 1924 quaecunque
769 1852 860 1925 primi
882 1852 1022 1910 mortales
1047 1853 1116 1909 ante

102 1937 231 1995 traditos
255 1936 398 1995 divinitus
421 1939 554 1996 mitiores
578 1939 658 1997 cibos
680 1942 782 1998 contra
804 1940 914 1997 famem
937 1940 1116 2012 obiecerunt,

64 2045 90 2085 eo
103 2026 229 2101 pestifer
260 2044 353 2084 annus
385 2027 561 2101 reliquisset.
613 2045 673 2085 non
705 2047 785 2086 eram
817 2028 970 2087 delicatus.
1020 2027 1071 2087 sed
1099 2046 1116 2086 ο

103 2115 201 2174 tristis
227 2114 406 2188 recordatio,
433 2116 553 2174 funesta
575 2118 747 2190 necessitas,
774 2117 851 2174 nihil
876 2117 1033 2175 habuimus
1058 2135 1115 2191 quo

103 2205 282 2276 viveremus,
305 2207 423 2279 praeter
445 2204 561 2262 famem.
911 2232 913 2236 ·

170 2291 233 2351 Nee
259 2295 359 2352 tamen
390 2294 423 2350 in
450 2296 547 2351 totum
580 2295 664 2369 queri
694 2294 729 2352 de
758 2295 929 2352 numinibus
961 2313 1116 2370 possumus

102 2382 201 2439 maria
223 2384 302 2440 certe
325 2382 452 2441 secunda
475 2384 596 2457 experti.
643 2385 669 2441 si
691 2384 834 2442 voluisset
860 2403 977 2442 servare
1000 2384 1116 2460 legatus

63 2489 89 2531 11
104 2470 184 2528 diem
212 2489 300 2544 quem
330 2471 378 2528 1111
408 2471 537 2530 felicitas
565 2474 706 2548 temporis
734 2471 868 2545 dederat,
899 2475 1001 2549 potuit
1032 2472 1116 2531 nobis

103 2560 287 2616 frumentum
314 2560 360 2618 bis
388 2559 499 2618 afferre.
545 2563 580 2618 ut
606 2562 736 2636 primum
759 2563 838 2619 tanti
864 2562 938 2620 mali
960 2580 1062 2620 sensus
1085 2562 1117 2618 in

104 2649 259 2709 civitatem
282 2649 457 2724 percrebuit,
481 2668 547 2707 cum
570 2651 632 2707 iam
654 2652 778 2727 urgente
801 2652 904 2726 inopia
924 2649 1032 2708 cotidie
1055 2668 1117 2707 ma-

104 2738 168 2795 lum
197 2738 290 2796 artius
318 2741 477 2813 premeret,
508 2742 538 2801 et
565 2742 719 2815 praesente
750 2740 871 2796 fortune
902 2740 986 2814 peior
1017 2742 1117 2796 tamen

179 2947 193 2994 1
213 2941 284 2996 alias
303 2943 413 2998 Lucas:
433 2943 497 2996 aliis
516 2966 538 2995 ω
628 2943 872 2997 11111111111111
894 2953 939 3010 vc3
965 2945 994 2996 et
1012 2942 1118 2996 abomi-

104 3048 201 3102 nanda
219 3058 243 3101 J
326 3049 534 3118 erelinquitv
620 3015 732 3103 ottrbis
750 3060 778 3103 B
858 3050 1052 3118 vhymberv

104 3119 306 3174 sitientium
354 3120 411 3174 sole
430 3131 489 3174 ΒΜ
541 3122 781 3175 9maturitate11
834 3127 866 3174 10
886 3121 975 3174 solum
995 3120 1120 3174 vicerant

103 3226 253 3281 berbaev
322 3234 353 3282 11
372 3192 534 3282 f⁰fellerunt
552 3238 590 3294 113
609 3227 801 3293 fefellerante
867 3228 965 3282 inanes
984 3237 1050 3291 Meu

105 3304 140 3352 13
163 3300 193 3352 et
210 3298 306 3352 rudes:
330 3300 429 3354 crudos
447 3310 485 3366 113
509 3301 593 3354 crude
613 3309 644 3351 M
727 3305 760 3353 14
782 3300 981 3354 interficientes
1000 3308 1051 3352 BV

106 3374 140 3423 15
160 3372 288 3423 tanton
336 3376 367 3423 17
388 3387 487 3441 capere
503 3381 555 3424 BV
607 3376 639 3423 18
658 3370 751 3440 fragla
768 3381 789 3423 v
835 3373 963 3424 11111111
1015 3371 1119 3424 191111-

104 3454 222 3505 noreee
293 3447 327 3494 24
351 3443 506 3509 scundaB,
527 3453 668 3512 11111111
740 3448 773 3496 26
793 3442 963 3495 frumentum
981 3459 1031 3496 om.
1048 3455 1068 3495 u

106 3551 141 3601 27
159 3547 318 3618 urgientem
336 3559 369 3616 B,
388 3549 399 3602 i
417 3550 466 3603 del.
481 3561 512 3618 a,
531 3515 649 3621 urgente
667 3559 689 3604 V
