2406 3832
130 170 196 235 260
492 168 582 223 APES
600 167 777 222 PAVPERIS
800 194 803 198 *

63 336 66 341 ⁴
141 380 144 385 .
196 337 348 397 Postremo
368 339 487 413 quidem
505 338 606 396 divitis
624 338 790 413 patrocinio
809 355 867 395 non
885 337 999 411 putavi,
1018 337 1140 410 iudices,

129 426 374 502 respondendum,
393 427 451 486 nisi
469 427 560 486 rideri
573 429 703 486 vestram
720 428 908 485 maiestatem
926 425 1141 484 contumeliosa

130 515 298 575 defensione
320 535 380 575 non
402 518 517 575 ferrem.
564 510 655 574 ‘ultro
679 511 778 588 enim',
804 516 916 591 inquit,
939 508 989 572 ‘ad
1012 517 1141 573 mortem

130 607 274 664 venerunt
308 624 378 681 apes
409 599 500 664 tuae?
545 607 590 663 ita
620 605 716 681 plane.
763 605 895 679 alioquin
928 607 961 661 tu
993 623 1141 662 venenum

129 694 250 752 fioribus
278 695 408 753 dederas.
454 694 706 769 impudentiaene‚
733 692 858 767 iudices,
873 694 948 751 ⁸cius
976 691 1140 769 adsignem,
1168 712 1179 752 s

130 785 155 842 si
177 784 232 841 hoc
251 782 325 841 mihi
343 783 422 860 apud
440 801 492 842 vos
511 782 681 856 obtinuerit,
705 801 743 840 an
761 783 918 856 stultitiae,
940 783 966 840 si
984 779 1140 857 speravit?

129 873 155 931 si
173 892 318 931 venenum
337 873 450 931 homini
469 871 604 945 dedisset,
623 872 734 930 diceret
750 873 849 946 ipsum
867 870 955 929 labiis
974 871 1141 930 admovisse

128 962 243 1038 pocula.
289 963 316 1019 si
337 979 538 1036 percussorem
560 962 707 1036 posuisset
728 962 760 1018 in
783 960 871 1033 saltu,
893 962 991 1036 ipsum
1013 961 1046 1017 in
1069 961 1141 1020 insi·

129 1050 194 1109 dias
221 1050 300 1108 ultro
323 1052 439 1109 uenisse
467 1050 616 1109 clamaret
662 1051 688 1108 si
714 1049 817 1128 telum,
836 1049 1013 1107 obiectasset
1039 1050 1072 1106 in
1097 1051 1141 1107 te-

128 1138 235 1212 nebris,
258 1138 387 1197 inlatum
406 1157 460 1197 sua
482 1139 569 1215 culpa
592 1138 789 1197 contenderet.
836 1156 899 1214 ego,
922 1138 1042 1211 iudices,
1067 1137 1180 1212 quidm

129 1225 216 1286 dico?
253 1227 311 1285 duo
335 1245 396 1287 esse
419 1229 483 1287 sola
506 1246 582 1302 quae
601 1229 682 1286 omni
699 1229 731 1284 in
750 1229 872 1286 crimine
890 1226 1052 1302 spectanda
1070 1228 1140 1300 sint,

130 1318 262 1375 animum
285 1318 315 1375 et
337 1318 483 1375 eventum.
521 1319 586 1392 quis
610 1318 728 1375 animus·
749 1316 851 1375 divitis
874 1316 940 1390 fuit,
964 1334 1031 1374 cum
1053 1334 1139 1374 vene-

54 1451 59 1460 .
129 1425 201 1463 num
224 1403 353 1480 sparsit?
389 1407 424 1464 ut
447 1424 516 1481 apes
539 1406 689 1482 perirent
715 1405 782 1481 quis
800 1402 943 1464 eventus?
979 1406 1140 1479 perierunt.

129 1496 161 1552 in
184 1511 308 1567 summa,
331 1495 450 1568 iudices,
474 1497 540 1570 quis
563 1495 690 1567 dubitat,
714 1494 786 1569 quin
806 1494 948 1552 damnum
972 1495 999 1551 ei
1023 1495 1063 1552 sit
1085 1495 1141 1551 im-

129 1583 303 1659 putandum,
327 1585 389 1642 sine
414 1603 471 1659 quo
494 1602 554 1641 non
577 1581 750 1642 accidisset?
1156 1602 1180 1642 15

78 1673 140 1729 15.
195 1671 341 1748 Intellego
371 1692 466 1747 neque
494 1671 836 1747 prudentiamuestram
863 1670 1029 1730 desiderare
1052 1672 1142 1747 plura

130 1760 166 1818 de
193 1778 282 1819 causa
314 1780 408 1836 neque
435 1763 565 1820 vestram
596 1760 684 1818 fidem
712 1779 746 1819 ac
772 1759 946 1836 religionem
980 1780 1065 1838 egere
1093 1780 1141 1819 ex-

129 1849 299 1908 hortatione
321 1869 389 1908 uere
412 1850 570 1908 iudicandi.
616 1849 688 1926 quid
709 1867 811 1909 moror
830 1847 947 1926 igitur?
987 1852 1071 1907 tenet
1093 1869 1141 1907 me

130 1937 214 1996 dolor
237 1941 267 1997 et
286 1939 424 1998 adsuetae
442 1939 605 2014 voluptatis
629 1937 814 1997 desiderium.
851 1940 921 1996 sunt
939 1929 1085 2013 quaedam
1108 1941 1141 1996 in

129 2027 185 2086 hec
209 2046 297 2086 causa
320 2047 396 2103 quae
419 2031 526 2087 sarcire
549 2047 644 2104 poena
667 2047 726 2086 non
749 2029 851 2102 possit.
895 2029 991 2085 maior
1013 2028 1142 2086 forsitan
1156 2048 1181 2087 sc

130 2118 255 2175 materia
279 2117 416 2176 videatur
443 2117 583 2176 adfectus.
630 2118 656 2176 si
677 2135 825 2192 pauperes
853 2134 952 2175 amare
975 2117 1033 2175 uisi
1056 2117 1142 2192 paria

88 2229 90 2233 ·
130 2225 189 2264 non
207 2223 371 2282 possumus,
395 2208 425 2265 et
442 2208 605 2265 necessario
624 2204 708 2264 nobis
727 2206 858 2280 pretiosa
877 2223 952 2280 quae
971 2206 1044 2278 sola,
1063 2209 1142 2278 sunt,

130 2295 263 2353 animum
285 2315 384 2354 meum
402 2295 549 2354 extinctae
568 2295 655 2353 unius
677 2294 768 2352 horae
786 2295 935 2352 momento
958 2296 1006 2353 tot
1024 2297 1142 2353 animae

129 2386 252 2442 movent
275 2384 352 2459 quod
380 2386 522 2460 perierint
545 2384 651 2442 deme
673 2383 747 2442 bene
769 2383 901 2441 meritae.
948 2385 1020 2457 quin
1042 2385 1142 2459 ipsum

130 2472 184 2531 leti
203 2491 294 2550 genus
310 2474 393 2532 addit
410 2474 659 2551 indignationem„¹
677 2491 789 2530 veneno
808 2473 967 2547 perierunt.
1001 2474 1068 2546 quis
1086 2472 1142 2530 hoc
1156 2493 1181 2532 sc

130 2561 194 2620 ulla
216 2563 289 2620 satis
312 2564 450 2637 persequi
472 2562 567 2637 possit
588 2558 723 2620 invidia?
768 2579 838 2635 apes
861 2559 994 2620 veneno?

202 2701 217 2748 2
236 2695 347 2748 irrideri
365 2705 389 2747 J
476 2694 704 2748 contumeliosam
722 2703 781 2747 ΒΜ
868 2699 883 2746 3
903 2693 1095 2748 defensionem
1115 2705 1146 2748 ll!

131 2771 147 2819 t
166 2766 432 2835 impudentiane133
451 2767 626 2835 impudentis
645 2776 665 2817 v
711 2765 770 2819 eius
784 2765 921 2829 iudicese
971 2771 986 2818 6
1006 2767 1143 2834 speravit:

130 2837 273 2906 superavit
287 2846 328 2902 M3
348 2837 440 2905 spavit
459 2851 473 2901 ρ
527 2843 543 2891 8
562 2837 700 2906 potuisset
714 2846 782 2902 ΒΜς
801 2837 896 2905 posuit
914 2836 963 2890 sed
985 2846 1007 2888 V
1058 2843 1074 2890 9
1093 2837 1143 2892 ob-

130 2910 262 2963 iectasset
281 2920 308 2967 5:
329 2908 498 2983 obiectasset
516 2930 538 2960 ω
603 2913 636 2961 10
655 2924 707 2977 ego
726 2925 788 2961 sum
805 2908 862 2962 iud.
882 2907 931 2976 qui
950 2917 982 2960 M
1044 2915 1077 2961 11
1097 2924 1143 2961 ex-

129 2997 271 3066 pectanda
286 3005 345 3049 Bu!
415 3002 446 3049 12
468 2977 637 3051 eventumv
699 3002 733 3050 14
751 2997 789 3050 sit
806 2996 982 3050 inferendum
1000 2997 1144 3066 imputan-

130 3070 197 3121 dum
215 3077 236 3119 V
287 3074 319 3121 15
340 3068 514 3122 accendisset
527 3078 565 3135 Ως
584 3067 748 3122 accessisset
761 3078 793 3121 M
846 3074 878 3121 16
898 3067 922 3122 si
935 3083 1027 3138 neque
1040 3079 1093 3122 Bw
1108 3070 1144 3137 (si

129 3157 198 3194 corr.
214 3143 241 3206 o)
305 3139 666 3209 desideraret-religione
684 3142 733 3194 hoc
751 3140 807 3194 loco
825 3157 875 3194 om.
896 3145 921 3193 et
938 3139 1002 3192 odd.
1018 3145 1084 3208 post
1101 3157 1145 3193 re-

130 3211 264 3281 ligionem
283 3211 351 3264 l.17
369 3219 397 3263 B
481 3211 652 3264 desideraret
670 3219 722 3263 BV
809 3216 840 3264 17
860 3226 950 3279 neque
970 3210 1004 3264 de
1024 3220 1075 3264 BV

127 3295 246 3374 uestram
261 3287 318 3355 fide
332 3315 366 3354 ac
379 3287 516 3372 religione
534 3302 574 3356 cic
586 3301 668 3355 cerba
681 3301 781 3354 iterata
793 3308 821 3352 Β
882 3305 914 3352 18
934 3298 1003 3368 quid
1021 3301 1113 3354 maior
1127 3315 1147 3354 o

110 3377 148 3424 19
172 3373 339 3432 adsuetudo
357 3384 388 3430 B
480 3380 514 3431 21
534 3379 600 3448 post
622 3371 753 3429 adfectus
775 3371 841 3424 odd.
855 3388 915 3424 usu
931 3371 1022 3436 pessit
1043 3381 1076 3424 M

97 3447 136 3495 23
152 3436 327 3523 diunius&
345 3452 455 3527 {unius
476 3461 500 3507 V
551 3450 646 3507 horae
661 3463 714 3528 osn-
727 3453 749 3496 V
801 3446 841 3494 Ἃ
856 3439 1107 3508 <mmmm

77 3553 135 3615 oui
156 3557 188 3610 in
208 3570 250 3631 a,
272 3581 350 3622 corr.
368 3578 390 3622 a
473 3572 513 3624 25
536 3545 601 3623 ltu
619 3570 649 3619 n
