2408 3840
359 159 594 216 bucellenum
612 158 663 214 ΧΠ
676 163 789 215 as-s's.
1017 159 1083 224 243

66 348 123 390 sua
144 329 220 389 'odia
242 349 319 406 quae
345 331 521 407 plerumque
549 349 585 388 ex
611 328 748 389 inanibus
776 331 871 389 causis
899 329 1081 404 oboriuntur,

66 418 214 478 habuerit

133 507 233 566 Multa
251 510 434 583 suecmmmt,
457 507 517 582 sed,
535 507 562 567 si
580 526 640 583 qua
658 508 712 581 est,
732 506 853 581 iudices,
871 506 981 566 dicenti
999 506 1080 582 fides,
1094 507 1133 564 26

66 614 122 676 ego
150 596 228 655 nihil
254 596 429 656 invidiosius
451 598 571 673 reputo,
600 615 690 672 quam
713 595 793 672 quod
820 595 973 655 civitatem
996 613 1080 655 suam

42 689 131 749 tsine
156 704 246 746 eausa
267 685 405 763 perdidit.

75 787 80 794 '
133 772 335 850 Quaecunque
356 775 448 849 ratio,
477 772 672 850 quodcunque
694 775 880 850 propositum
907 774 981 847 fuit,
1009 773 1080 832 audi

65 882 144 940 quae
167 865 249 941 pessi
271 880 380 936 sumus,
402 865 563 940 postquem
584 862 680 922 redire
702 864 836 939 potuisti.
878 865 996 922 transeo
1019 867 1079 921 tor-

63 954 170 1013 menta
191 956 310 1012 noemae
332 953 466 1029 inopiae,
487 954 613 1012 maciem
636 952 781 1029 eorporis,
803 953 903 1011 vulsos
927 954 1007 1010 terra
1030 951 1078 1010 de·

64 1043 246 1118 strictosque
268 1042 359 1101 ramis
382 1040 471 1116 eibos,
494 1041 575 1118 quod
593 1042 653 1101 aris
676 1041 868 1123 altarie'non
885 1041 1078 1116 inposuimus,

25 1130 148 1206 mquod
169 1131 298 1207 populus
321 1129 492 1207 corporibus
515 1133 575 1190 suis
598 1130 663 1190 v'ias
686 1131 802 1205 stravit,
826 1129 905 1205 quod
927 1129 1078 1189 mendicus

64 1239 157 1296 quem
178 1222 311 1297 rogaret,
337 1238 397 1278 non
419 1219 532 1279 habuit.
578 1238 638 1278 non
664 1218 791 1278 obiciam
813 1220 872 1278 tibi
898 1219 1014 1277 famem.
1061 1238 1078 1278 o

64 1307 163 1368 tristis
181 1309 359 1368 recordatio!
383 1326 401 1367 o
418 1309 576 1368 tormentis
593 1308 729 1366 omnibus
748 1308 928 1368 conscientia
946 1307 1078 1385 gravior!

63 1415 171 1472 rumpe
188 1397 317 1456 ferreum
335 1399 439 1473 pectus
457 1400 488 1455 et
506 1397 642 1456 ardentia
664 1397 776 1456 seelera
792 1397 979 1472 viventisque
996 1398 1078 1457 intus

64 1487 171 1563 epulas
193 1489 304 1545 excute.
350 1487 503 1545 luctantum
529 1487 609 1545 intra
631 1487 746 1545 viscere
768 1487 885 1545 animae
909 1488 940 1545 et
961 1490 1078 1544 uterum

23 1594 52 1637 ne
63 1574 220 1634 funeribus
236 1574 392 1652 gravidum
409 1576 442 1633 in
456 1593 488 1636 os
503 1577 603 1654 agunt.
637 1575 790 1635 credibiles
809 1575 926 1634 fabulas
945 1576 1078 1650 fecimus,

63 1664 168 1723 felices
199 1664 346 1740 miserias,
383 1665 494 1723 scelera
526 1665 704 1724 innocentia
750 1683 852 1724 omnes
888 1681 1078 1741 quascunque

64 1753 165 1812 clades
192 1754 274 1811 fama
300 1753 450 1831 vulgavit,
477 1754 587 1812 solacia
613 1754 682 1812 hine
708 1755 826 1829 petant,
859 1752 928 1812 hine
956 1753 1079 1812 audient

63 1842 177 1902 occisos
201 1843 264 1900 sine
288 1843 440 1919 sanguine,
463 1843 594 1918 sepultos
617 1843 680 1901 sine
703 1842 822 1920 ignibus
846 1842 933 1902 eibos.
966 1842 1078 1918 siquis

62 1930 209 1989 mentitus
228 1929 441 2007 estcyclopas,
459 1930 689 2010 Laestrygones,
708 1930 856 2009 Sphingae
875 1935 928 1990 aut
947 1930 1078 2009 inguini-

19 2019 119 2081 {ebus
142 2019 268 2097 virginis
296 2020 439 2078 latratum
465 2019 585 2079 Siciliae
612 2021 684 2080 litus
712 2023 743 2079 et
769 2039 961 2096 quaecunque
988 2021 1078 2079 miser

63 2108 160 2167 didici
181 2107 262 2166 domi
283 2137 321 2149 —-
342 2110 464 2168 comites
487 2127 597 2184 quaero
619 2141 657 2150 -
677 2110 747 2168 hinc
770 2112 986 2186 argumentum,
1009 2108 1078 2166 hinc

61 2196 153 2256 tidem
181 2197 337 2274 accipient.
383 2197 529 2273 quaedem
551 2198 640 2275 plane
662 2199 740 2257 falsa
762 2201 845 2256 sunt:
873 2197 917 2257 sol
939 2199 972 2255 in
995 2199 1077 2256 ortus

60 2304 122 2347 non
160 2285 269 2345 occidit
299 2303 353 2345 nee
385 2287 424 2344 ad
459 2286 656 2346 humanorum
687 2288 833 2347 viscerum
864 2285 966 2362 epulas
999 2286 1077 2344 diem

60 2373 164 2434 vertit.
209 2373 287 2434 vidit
312 2392 366 2434 nos
392 2375 544 2434 funeribus
572 2377 674 2452 pastos
701 2378 732 2434 et
758 2375 797 2432 ad
825 2375 987 2434 eviscerata
1014 2393 1077 2434 cor-

19 2478 138 2540 npora
160 2463 278 2523 inluxit.
315 2464 432 2541 publice
455 2467 589 2523 monstra·
611 2464 767 2524 commissa
790 2466 867 2537 sunt,
892 2466 922 2522 et
944 2463 1076 2540 inexpia-

62 2553 123 2612 bile
152 2553 236 2612 nefas
263 2572 322 2612 uno
350 2571 400 2612 ore
427 2554 535 2613 civitas
561 2553 641 2612 fecit.
687 2551 789 2628 poenis
817 2555 926 2612 nostris
951 2554 1013 2612 iam
1039 2572 1082 2611 ne-

62 2642 159 2701 fames
182 2641 303 2716 quidem
326 2644 398 2702 satis
421 2644 474 2701 est.
511 2643 567 2702 hoo
590 2661 647 2702 non
672 2660 772 2702 omnes
795 2643 876 2701 ferae
899 2642 1023 2718 faciunt,
1046 2645 1077 2701 et

136 2834 205 2882 lex
222 2828 351 2882 menibus
370 2837 407 2896 Μ,
427 2845 495 2884 corr.
509 2850 541 2882 m
604 2828 769 2883 oboriuntur
786 2838 814 2882 Β
875 2828 1023 2882 edicendi
1040 2838 1079 2881 vo

61 2898 254 2954 rinvidiosus
272 2909 310 2967 Μ,
328 2916 396 2955 corr.
410 2920 443 2952 n
521 2900 597 2968 quod
615 2917 665 2956 em.
680 2908 733 2954 BV
808 2899 1041 2968 8⁴districtosque
1059 2909 1080 2952 v'

61 2969 598 3038 taltariae153altaribusl¹;om.o
659 2971 868 3035 muniemus
931 2977 963 3023 13
982 2971 1076 3024 viven-

60 3044 161 3111 tesque
180 3053 216 3106 ec
286 3047 320 3095 14
338 3041 435 3132 ppulee
455 3058 470 3132 p
488 3044 520 3096 in
537 3060 592 3098 rae.
607 3050 640 3096 Μ
699 3042 808 3096 discute
826 3054 847 3095 e
906 3041 1034 3096 lutantur
1049 3051 1077 3095 Μ

61 3136 94 3185 17
118 3129 249 3199 vulgavit
270 3130 384 3186 solatia:
408 3130 464 3185 -uit
487 3130 590 3186 solatia
611 3132 643 3186 ebe
660 3149 715 3187 rae.
734 3142 755 3185 V
833 3137 866 3186 18
890 3131 1013 3201 oeci3sos
1036 3139 1077 3197 Μ,

61 3203 171 3257 ociosos
186 3210 214 3254 P
264 3201 427 3272 inguinibus
442 3212 479 3270 Μ,
498 3219 608 3258 corum
662 3202 739 3256 cibos
757 3220 808 3258 om.
828 3213 849 3255 V
901 3207 934 3255 19
953 3201 1075 3271 ciclopes

63 3282 110 3342 νβ,
129 3271 325 3342 cyclophaell
356 3273 544 3344 leethn‘gones
553 3282 592 3342 Μ;
608 3273 783 3344 lestrygones
797 3275 897 3343 reliqui
933 3273 1076 3343 ephygnas

60 3353 98 3411 P,
116 3359 244 3414 psyngas
262 3353 296 3411 ε,
315 3344 430 3414 spingae
445 3355 477 3398 Μ
545 3344 724 3414 sosiciliee:
744 3345 838 3399 suciee
852 3354 889 3411 Μ,
908 3362 976 3400 corr.
990 3365 1022 3397 m

60 3415 98 3471 ad
116 3430 302 3487 quaeeunque
320 3414 379 3471 Sele.
471 3422 503 3469 21
528 3431 630 3484 quaere
649 3425 687 3484 13
712 3418 828 3485 quaeret
846 3426 879 3469 Μ
964 3431 1076 3484 mergu-

59 3488 186 3541 mentnm
205 3494 233 3540 Ι
250 3488 288 3555 (m
306 3486 357 3541 del.
372 3487 413 3557 e),
431 3486 462 3540 in
480 3489 675 3556 argumentum
694 3497 725 3542 Μ
795 3493 830 3542 ‘lt
850 3486 921 3543 ontis
941 3496 1003 3553 Pu,
1020 3488 1093 3540 ortu

60 3572 142 3614 euos
193 3562 228 3610 24
242 3556 385 3612 funeribus
397 3560 468 3614 Bc:
484 3557 647 3616 vulneribus
662 3584 684 3616 ω
736 3563 840 3636 pastas
856 3571 899 3618 ns
949 3565 1061 3614 ‘tuneo
1075 3561 1110 3606 Μ

889 3652 947 3710 ib*
