2408 3840
130 149 195 214 312
452 146 637 202 VENENVM
654 145 826 203 EFFVSVM

128 321 223 394 pater.
260 316 304 374 ita
326 335 387 375 non
409 317 483 377 haec
505 335 567 375 una
588 336 647 376 vox
669 315 878 392 complectitur
901 334 1003 376 omnes
1025 317 1148 376 calami-

129 403 227 464 tates?
263 424 322 464 non
342 404 486 463 videmini
503 424 582 464 nunc
600 405 685 464 vobis
707 406 861 464 universos
880 404 986 465 audire
1002 403 1149 465 miseros?

129 496 277 570 possimus
299 495 436 553 fortassis
457 494 584 554 aliorum
607 493 805 554 accidentium
824 511 943 570 sperare
966 493 1068 569 finem,
1090 514 1148 554 non

129 584 240 642 habent
271 585 473 661 proximorum
506 584 576 642 odia
606 601 781 662 regressum.
831 601 1025 658 quaecunque
1057 601 1148 644 nexus

131 692 268 748 accepere
286 675 421 747 natiuae,
439 675 470 732 et
488 692 564 749 quae
582 674 727 751 sanguine
744 671 969 748 visceribusque
987 674 1150 733 constricta
1171 692 1181 733 c

132 764 210 836 sunt,
233 781 293 820 non
311 763 452 820 laxantur
469 762 600 836 diducta,
618 761 670 820 sed
691 764 827 838 pereunt,
850 765 882 821 et
899 779 978 837 quae
996 760 1033 821 de
1051 763 1149 838 primo

130 854 233 911 tenore
255 851 396 912 nascendi
418 852 468 909 vix
490 852 523 909 in
546 851 730 910 contrarium
752 851 834 910 victa
856 849 1018 911 deflectunt
1041 849 1148 927 diuque

129 940 290 1017 pravitatis
317 959 388 1000 suae
415 941 514 1018 rigore
541 939 650 999 durata
681 959 749 1022 mox
781 941 814 997 in
841 938 1003 1016 pristinum
1031 959 1149 1001 cureun

131 1031 253 1090 remissa
280 1048 340 1088 non
366 1029 505 1103 redeunt,
538 1030 589 1089 sed
617 1046 677 1105 qno
709 1031 807 1088 totum
838 1028 956 1105 pondus
990 1047 1149 1105 omnesque

130 1121 208 1178 vires
235 1118 382 1178 inclinata
412 1121 580 1192 meunt,
608 1119 710 1196 vigore
744 1137 802 1193 quo
830 1117 887 1178 eibi
914 1118 1064 1194 permissa
1091 1137 1185 1178 cro-10

131 1210 252 1282 vissent,
275 1208 307 1265 in
329 1207 424 1283 ipsius
446 1207 515 1267 vitii
537 1207 627 1266 robur
649 1206 831 1269 adolescunt.

78 1295 117 1351 la
198 1296 234 1354 In
263 1297 319 1355 hoc
352 1298 397 1356 est
428 1299 495 1356 tota
526 1296 701 1370 difficultas,
731 1299 768 1355 ut
798 1296 924 1373 incipiat
955 1314 1018 1355 non
1051 1314 1150 1355 amare

130 1383 228 1443 filium
246 1387 340 1461 pater.
376 1386 433 1445 hoc
451 1405 520 1445 cnm
538 1386 667 1446 frontem
685 1384 879 1447 confessionis
896 1386 1018 1462 accipit,
1034 1385 1152 1461 reliqua

131 1475 290 1552 praecipiti
312 1474 412 1534 firrore
434 1474 608 1550 decurrunt,
631 1477 663 1534 et
683 1474 825 1536 redituris
848 1474 1026 1534 caritatibus
1052 1475 1152 1535 ebetat

132 1563 274 1639 quicquid
295 1564 453 1623 obstiterat
470 1564 508 1623 ab
526 1565 610 1623 odiis.
648 1565 739 1624 semel
762 1563 820 1623 sibi
841 1566 982 1640 parentas
1004 1563 1152 1639 liberique
1165 1582 1187 1623 ιε

131 1656 295 1727 mutantur,
322 1653 414 1713 semel
441 1654 625 1712 aufenmtur.
671 1653 785 1727 felices,
813 1653 866 1728 qui
887 1651 1001 1712 habent
1027 1654 1063 1713 in
1085 1671 1153 1713 oon·

132 1743 256 1801 scientia
284 1760 338 1800 sua
362 1741 441 1816 quod
468 1742 597 1801 debeant
623 1741 793 1816 emendare,
819 1743 976 1819 corrigere.
1021 1742 1079 1801 illa
1105 1741 1153 1801 de

133 1851 216 1889 mum
238 1833 337 1907 potest
358 1831 406 1888 ira
429 1830 562 1890 desinere
586 1848 661 1906 quae
685 1831 797 1890 coaluit
820 1851 855 1890 ex
873 1831 958 1891 vitiis
981 1831 1152 1891 liberorum.

134 1939 188 1996 ego
212 1919 284 1994 quid
311 1919 389 1978 facio
417 1922 465 1978 cui
487 1938 546 1978 non
574 1920 706 1995 luxuria,
733 1939 793 1979 non
821 1923 866 1978 est
892 1919 1041 1979 mutanda
1069 1923 1153 1999 petu-

132 2010 238 2082 landa,
262 2010 346 2068 cuiue
370 2008 519 2068 abdicatio
542 2028 601 2068 non
624 2009 661 2068 de
678 2010 753 2068 meis
776 2009 828 2069 aad
851 2009 886 2067 de
904 2009 1002 2085 patrie
1019 2010 1189 2070 moribusec

133 2096 236 2157 venit?
273 2097 385 2157 frustm
402 2099 477 2157 mihi
496 2099 722 2172 exhortationes,
739 2097 1065 2158 ammonicionem
1078 2118 1154 2159 vana

134 2187 252 2246 solacia.
298 2187 427 2246 hominis
460 2207 549 2263 quem
580 2189 668 2264 pater
699 2187 796 2246 odisse
827 2205 888 2246 non
919 2186 1047 2262 desinit,
1079 2205 1153 2247 unus

134 2278 230 2334 exitus
254 2278 307 2350 est,
330 2279 366 2335 ut
388 2295 419 2335 ee
442 2276 546 2336 oderit.
584 2279 615 2336 et
638 2277 816 2352 quantulum
838 2273 930 2335 habet
953 2275 990 2337 de
1012 2278 1082 2336 toto
1104 2276 1152 2335 do

133 2366 195 2424 lore
219 2367 320 2423 nostro
347 2366 400 2424 ille
424 2383 482 2441 quo
506 2366 626 2425 venitur
648 2365 686 2425 ad
708 2365 850 2440 iudicem,
877 2363 961 2425 dies?
1007 2383 1066 2445 ego
1089 2385 1153 2427 cun

133 2454 213 2512 dico:
241 2457 328 2530 pater
350 2474 397 2513 me
421 2455 499 2530 odit,
525 2454 601 2513 illud
629 2455 774 2514 exclamo:
802 2472 902 2514 omnes
925 2454 991 2513 eine
1012 2475 1065 2516 me
1087 2458 1186 2516 cunta

133 2544 203 2602 festi
218 2543 289 2618 dies,
308 2545 403 2603 omnis
422 2545 541 2603 laetitia
559 2544 623 2604 eine
641 2543 712 2619 filio,
730 2563 790 2603 non
805 2543 979 2619 adloquitur
996 2547 1153 2617 macetum,

133 2652 193 2691 non
217 2631 333 2692 adsidet
354 2634 406 2692 ille
429 2634 592 2712 languenti.
638 2633 825 2712 gratissimus
849 2634 984 2709 quisquis
1008 2633 1047 2693 de
1071 2634 1153 2694 nobis

207 2827 310 2873 luna:
330 2821 372 2874 ita
389 2830 410 2872 1·
461 2802 682 2890 compldtituru
734 2820 894 2890 taccipere
908 2829 972 2885 Ιγρ
1023 2821 1154 2879 eluen-

134 2891 436 2957 tu1133laeeanture'
513 2892 635 2946 deducta
652 2902 687 2956 Vc
765 2894 901 2976 pemnnte
919 2900 971 2945 lv
1051 2896 1154 2948 ‘item-

135 2975 237 3030 poree
326 2948 459 3016 dedectdt
477 2972 506 3016 Β
598 2969 629 3016 11
650 2963 829 3018 adoleecrnnt
849 2972 878 3016 Β
899 2963 990 3034 (idel.
1012 2973 1045 3017 Β
1065 2967 1109 3021 vel
1127 2968 1155 3033 ι)

136 3039 168 3085 12
188 3032 372 3087 difficultates
390 3043 411 3085 V
479 3034 619 3118 incipiasst
636 3044 665 3088 Β
736 3041 769 3088 13
788 3034 878 3089 filium
896 3051 953 3088 non
971 3050 1106 3102 amarae

134 3103 279 3172 accipiunt
294 3113 323 3157 Β
412 3110 446 3158 14
464 3106 616 3160 reddituris
638 3116 660 3158 V
743 3112 775 3160 15
794 3105 933 3176 liberique
955 3123 990 3189 ca
1007 3105 1155 3178 liberaque

135 3220 166 3264 Β
251 3212 433 3266 rosimelv
520 3212 709 3268 recaluitr
789 3195 1030 3268 aoabdicatdn
1105 3230 1156 3284 pa

134 3318 197 3370 triie
217 3331 238 3371 c
307 3325 341 3372 21
359 3319 457 3380 venit}
474 3328 525 3372 Β·
562 3303 770 3374 exhortatione⁸
788 3319 905 3374 meua:
924 3302 1031 3374 -tione⁸
1050 3319 1154 3375 frume

136 3393 286 3456 om.11‚e'n
299 3408 386 3461 marc.
406 3375 503 3446 addo
593 3397 628 3445 Βῆ
646 3391 752 3445 decinit
769 3409 820 3446 om.
834 3400 870 3458 Β,
887 3402 999 3462 capno
1083 3408 1154 3447 unua

136 3460 215 3514 cuiue
234 3462 326 3514 exitus
344 3472 370 3515 J
439 3463 531 3516 teet:
552 3460 623 3538 91·
681 3462 769 3517 habes
787 3472 840 3516 BV
908 3467 942 3517 2'1
960 3463 1152 3534 gratieeimnm

130 3541 167 3585 1
235 3532 271 3588 de
288 3531 372 3589 nobie
383 3533 557 3606 -quiequia
574 3551 603 3604 11.
617 3537 706 3600 31³,1
723 3551 774 3589 oea
788 3545 819 3600 J,
838 3533 930 3591 adde
