2408 3840
335 117 642 207 bacalurriouas
660 152 719 206 xv.
738 152 810 206 111.
1013 152 1079 218 419
1162 144 1166 151 ’

59 323 212 381 hominem
231 323 314 382 cuius
333 340 393 380 non
405 323 539 395 interest,
558 340 597 380 en
611 322 704 380 elium
722 321 892 380 interficiat.
934 324 1081 381 ettamen

61 413 163 470 actum
185 413 231 471 est
254 411 290 470 de
312 410 400 470 rebus
429 411 581 485 humanis,
609 413 635 470 si
658 411 722 470 sole
750 414 884 470 servetur
911 411 1080 470 utilitatum

58 500 141 559 fides.
182 500 310 576 probata
340 502 385 560 est
409 501 559 559 amicitiae
590 501 771 573 constantia,
799 501 826 560 si
853 519 900 558 me
927 520 1080 560 reversum

61 589 211 649 occiderit.
260 590 305 647 M.
324 591 408 648 itane
436 591 519 648 intre
553 607 607 648 nos
641 589 714 649 duos
743 589 796 647 ille
831 589 983 667 eligendus
1014 588 1080 650 est?

32 679 97 738 eF.
117 679 293 737 electionem
315 696 422 737 vocare
440 679 556 738 facinus
582 680 636 753 est,
658 678 710 736 ubi
728 677 842 737 <luobus
865 680 998 738 succurri
1019 697 1080 737 non

58 769 167 843 potest.
209 768 254 827 M
274 767 404 841 attende,
427 767 544 840 stolide,
568 767 639 842 quid
661 768 794 827 interest.
835 767 906 826 inde
928 768 1080 845 alligatus,

58 857 130 915 hine
148 861 245 915 mater
263 859 422 931 exspectat.
459 857 496 915 F.
512 857 565 931 qui
579 854 743 934 alligatus?
778 858 870 914 immo
884 859 983 915 totum
1001 876 1080 916 mor-

58 945 169 1004 talium
198 963 299 1023 genus.
340 945 385 1004 M.
405 964 442 1004 ne
471 963 619 1021 properes.
661 964 696 1004 eo
725 945 832 1004 affectu
861 946 948 1003 illum
975 947 1079 1006 mitius

58 1033 204 1094 tractabit
226 1036 327 1109 pirata
349 1053 408 1109 quo
431 1034 573 1094 libentius
591 1037 724 1094 retentus
747 1036 799 1094 est.
841 1035 878 1092 F.
897 1036 989 1094 immo
1012 1054 1079 1113 gre·

18 1144 46 1185 ro
59 1123 192 1183 rioribus
215 1124 343 1183 vinculis
366 1141 440 1198 opus
464 1142 527 1183 esse
546 1120 713 1183 cuborum
732 1125 862 1183 amicum
880 1123 964 1182 dixit.
1007 1124 1080 1198 quid

59 1231 120 1270 non
150 1214 250 1271 actum
275 1215 335 1286 est,
364 1215 400 1270 ut
428 1213 517 1272 illum
545 1211 734 1289 paeniteret?
775 1216 807 1272 at
833 1212 886 1271 ille
916 1212 1079 1272 clamabat:

58 1302 198 1375 lacerate,
221 1303 309 1375 urite,
331 1303 433 1361 tamen
455 1305 629 1361 revertetur.
671 1303 716 1360 M.
736 1303 842 1361 matris
866 1303 1079 1376 calamitatem,

60 1391 244 1463 saevissime,
266 1388 420 1468 neglegis?
461 1392 497 1449 F.
516 1393 647 1450 minime.
691 1391 763 1466 quid
786 1392 865 1449 enim
892 1409 953 1449 non
976 1391 1079 1453 darem

59 1498 114 1555 pro
137 1480 203 1538 luce
225 1481 331 1546 matris
355 1481 416 1554 qui,
438 1481 474 1538 ut
496 1499 562 1539 eam
585 1481 726 1554 viderem,
752 1481 881 1540 amicum
904 1478 993 1539 dedi?
1032 1481 1078 1539 M.

17 1589 45 1630 1⁵
59 1588 113 1628 cur
134 1569 221 1627 illum
240 1569 314 1641 adio,
336 1569 395 1628 nisi
418 1570 444 1628 si
466 1571 562 1648 magis
581 1567 703 1648 diligis?
743 1570 780 1627 F.
800 1588 836 1628 ea
858 1571 905 1628 est
921 1570 1009 1643 ratio,
1032 1588 1079 1644 ne,

59 1657 111 1715 ubi
134 1677 194 1717 non
216 1676 346 1733 prosum,
369 1657 412 1716 ibi
434 1677 482 1718 me
505 1659 672 1719 detineatis.
713 1660 759 1717 M.
779 1658 853 1734 quid
874 1659 1001 1734 periculi
1024 1661 1079 1733 est,

59 1749 95 1820 si,
113 1745 165 1806 ubi
183 1747 271 1806 ambo
284 1747 472 1822 tenebantur,
490 1765 567 1807 unus
586 1745 714 1807 evadat?
755 1748 791 1807 F.
807 1748 885 1806 audi.
928 1766 982 1826 ego
1000 1747 1080 1808 bunc

59 1836 164 1894 videor·
181 1838 364 1914 excogitasse
382 1837 519 1910 colorem,
530 1865 532 1869 ·
543 1840 573 1896 et
592 1837 671 1912 quod
692 1837 826 1896 detineor
845 1838 1004 1911 amicitiae,
1027 1856 1079 1896 1ο-

60 1928 148 1984 catur
169 1924 335 1985 infirmitas.
377 1926 422 1983 M.
440 1927 546 1984 notum
570 1931 616 1985 est
643 1926 723 2002 quod
749 1928 861 1985 reverti
886 1927 999 1986 niteris.
1040 1927 1078 1985 F.

18 2033 46 2075 eo
60 2014 111 2071 An
133 2016 243 2073 reverti
265 2015 425 2089 voluerim,
448 2017 507 2075 nisi
528 2017 674 2089 revertor,
697 2015 767 2074 sciri
790 2034 849 2074 non
871 2015 990 2091 poterit.
1032 2016 1077 2073 M.

60 2103 103 2162 dii
127 2102 210 2177 boni,
234 2107 348 2178 quanta
370 2123 422 2179 spe
445 2104 553 2164 decidi!
583 2106 615 2162 in
638 2104 736 2164 reditu
761 2108 814 2162 tuo
838 2102 953 2179 aliquid
976 2104 1079 2181 gaudii

60 2193 189 2268 speravi,
210 2210 270 2252 non
294 2194 446 2252 abiturum
467 2193 609 2252 intellexi.
651 2194 687 2252 F.
707 2212 762 2271 ego
785 2212 856 2252 vero
880 2193 970 2252 altius
993 2212 1078 2268 prae-

59 2283 177 2356 cipitor.
218 2283 251 2340 in
273 2281 372 2341 reditu
394 2301 460 2341 meo
484 2301 502 2340 a
526 2285 623 2341 matre
651 2281 765 2375 aliquid
788 2282 938 2342 famosum
961 2300 1078 2357 exspec-

58 2370 177 2446 tabam,
216 2390 264 2430 me
304 2373 495 2431 remissuram
532 2371 694 2431 credebam.
753 2371 798 2429 M.
822 2389 883 2430 non
923 2372 1078 2447 intelligia

20 2477 46 2518 aa
59 2459 275 2534 crudelissime,
311 2479 366 2536 pro
401 2464 432 2518 te
469 2461 569 2520 oeulos
610 2460 710 2519 emisi!
759 2460 796 2519 F.
826 2462 858 2519 at
894 2461 1007 2519 amicus
1048 2463 1079 2519 et

58 2567 166 2624 eorpus
190 2552 221 2609 et
243 2550 387 2623 animam,
410 2549 484 2608 mihi
512 2549 682 2625 arbitrium,
712 2549 770 2608 tibi
798 2548 894 2607 filium
917 2548 1077 2625 praestitit.

57 2640 93 2697 tu
115 2640 183 2697 tuos
207 2637 343 2712 amisisti,
365 2657 404 2697 ne
425 2657 526 2715 posses
544 2637 692 2714 prodesse,
713 2639 766 2697 ille
789 2657 857 2698 suos
880 2640 1021 2712 servavit,
1043 2641 1079 2697 ut

56 2729 160 2803 posset
186 2727 340 2786 redimere.
381 2729 427 2787 vie
457 2729 531 2786 scire
562 2728 634 2803 quid
663 2729 780 2803 patitur
812 2729 934 2787 amicus.
976 2746 1076 2787 excae·

57 2817 142 2875 cavit
164 2818 194 2875 te
216 2816 297 2892 quod
319 2835 374 2894 ego
393 2818 435 2876 sic
457 2816 589 2876 tenebar.
631 2818 676 2875 M.
695 2814 790 2893 quid?
830 2834 928 2876 nonne
950 2817 983 2874 in
1005 2816 1077 2875 filiis

11 2923 42 2965 ao
56 2907 185 2964 natiuae
207 2905 267 2980 ius,
291 2907 426 2965 caritatis
454 2905 629 2965 servitutem
655 2904 821 2965 habemus?
860 2907 897 2966 F.
917 2924 973 2983 ego
998 2908 1078 2964 certe

56 2994 157 3054 nullos
179 2997 253 3069 puto
281 2996 365 3054 nasei
391 2995 523 3054 affectus.
566 2994 712 3070 quidquid
739 2997 923 3071 propinquos
948 2996 1077 3054 invicem

56 3083 149 3160 ligat,
173 3084 307 3142 amicitia
330 3087 375 3144 est
398 3102 475 3159 quae
498 3083 650 3159 omnibus,
678 3103 726 3143 me
747 3084 859 3158 iudice,
881 3084 969 3144 rebus
992 3102 1076 3159 prae-

56 3171 182 3231 ferenda
205 3176 236 3231 et
253 3173 383 3235 tenenda
401 3176 453 3232 est.
495 3174 540 3232 M.
560 3175 587 3232 si
609 3173 745 3233 omuibus
769 3177 799 3233 et
816 3175 849 3232 in
872 3192 983 3248 omnes,
1006 3176 1077 3232 tuuc

132 3324 317 3378 linterficict
338 3334 384 3378 m
455 3330 665 3379 Breversurum
679 3334 757 3380 m
827 3324 994 3379 8affectum
1008 3335 1036 3379 Β

56 3395 151 3449 minus
167 3405 194 3450 R
268 3402 300 3450 12
319 3396 393 3450 urite
412 3414 462 3452 om.
482 3405 527 3450 VB
599 3403 631 3451 17
651 3399 799 3451 teneantur
817 3405 863 3449 VB
935 3403 967 3449 19
986 3396 1075 3465 quod:

57 3483 144 3535 quam
167 3476 212 3521 m
274 3470 596 3522 2211101111111111
669 3467 841 3522 29111111
905 3473 939 3520 30
958 3467 1015 3522 ius:
1033 3468 1076 3522 vis

61 3547 107 3591 VB
160 3543 193 3592 32
213 3539 244 3594 in
262 3539 392 3593 omuibus
411 3549 439 3594 n

877 3627 933 3679 aa*
