2408 3840
103 118 167 181 390
413 112 604 168 EXGERPTA
622 111 802 166 PARISLNA.

147 287 176 343 et
199 285 315 341 mutato
337 284 516 342 testamento
544 300 701 341 novercam
724 280 796 340 fecit
819 279 966 338 heredem.
1013 277 1108 338 eadem

147 375 232 431 nocte
256 371 398 447 strepitus
417 372 448 429 in
471 371 557 430 domo
580 371 646 428 fuit.
688 369 805 428 familia
822 369 958 428 intravit.
1001 370 1111 443 patrem

146 461 274 520 occisum
302 462 430 535 invenit,
466 477 623 518 novercam
652 459 738 517 iuxta
771 460 926 517 mortuum
959 456 1111 516 dormienti

147 551 282 624 similem,
299 550 443 624 parietem
462 549 605 626 sanguine
625 548 802 623 palmatum,
825 565 947 606 caecum
964 547 997 604 in
1014 545 1110 604 limine

146 638 274 699 cubiculi
297 639 343 697 sui
368 640 508 712 stantem,
537 637 671 714 gladium
698 636 760 696 eius
784 636 838 694 sub
866 634 992 711 pulvino
1015 653 1138 696 omen-s

145 730 252 786 tatum.
299 730 417 786 accusat
440 744 559 785 caecum
581 744 715 784 noverca.

168 906 308 964 Nouerca.
349 904 441 964 miror
458 923 518 962 non
536 905 645 964 sentire
663 921 725 978 vos,
743 902 775 960 P.
794 901 834 977 (1.,
853 904 1008 960 tantorum
1026 901 1110 958 malo·

101 1015 167 1053 rum
190 998 254 1053 tam
277 993 425 1052 evidentes
452 993 655 1069 probationes,
683 992 832 1068 pudetque
860 993 893 1049 in
919 992 1007 1050 tanta
1029 988 1110 1048 turba

101 1104 201 1143 rernm
222 1102 276 1159 per
299 1099 330 1141 se
352 1083 539 1156 loquentium
562 1081 727 1142 accusantis
754 1080 855 1140 subire
883 1099 1014 1155 operam
1057 1097 1111 1137 non

104 1176 149 1230 est
171 1190 245 1246 opus
264 1170 370 1244 verbis,
393 1171 419 1230 si
440 1190 540 1231 rerum
558 1170 691 1230 ordinem
709 1173 788 1229 recto
807 1169 988 1229 aestimetis:
1012 1167 1111 1246 cogitis
1121 1188 1137 1228 u

103 1265 216 1334 tamen,
247 1263 276 1318 et
305 1259 402 1318 dicam
432 1260 530 1318 minus
561 1279 651 1335 quam
680 1263 781 1319 actum
811 1259 860 1318 sit.
907 1257 1111 1333 ermetem

102 1350 206 1423 sentio,
225 1348 346 1423 iudices,
368 1348 476 1424 pudori
493 1350 618 1423 iuvenis,
640 1366 694 1425 pro
717 1366 774 1424 quo
793 1347 952 1407 minimum
976 1343 1112 1421 estquod

101 1436 250 1512 parricida
273 1456 333 1496 non
356 1440 409 1514 est,
432 1439 642 1516 gravissimum
666 1436 762 1497 rideri
784 1435 864 1512 quod
887 1437 994 1495 conns
1015 1453 1111 1494 novor

103 1544 167 1583 cam
195 1525 391 1586 absolvendus
424 1528 482 1600 est,
513 1527 676 1602 plurimum
707 1543 824 1601 quoque
855 1542 942 1583 caeco
975 1524 1011 1584 de
1038 1541 1111 1583 reve

101 1616 199 1673 rentia
220 1617 317 1690 perire
342 1615 501 1689 virtutum,
528 1634 597 1674 cum
622 1616 655 1673 in
681 1614 881 1697 patrocinium
908 1615 975 1673 eius
997 1613 1137 1672 afferturo

103 1703 244 1778 quicquid
276 1704 370 1762 alium
402 1702 572 1763 defenderet
602 1704 796 1763 innocentem.
847 1701 899 1763 sed
933 1701 973 1761 ad
1000 1719 1112 1763 causam

102 1794 197 1852 venio.
239 1811 291 1851 cnr
315 1793 467 1851 abdicatus
492 1794 536 1851 est
558 1789 658 1850 filius?
699 1793 737 1851 N.
761 1791 833 1868 quia
857 1793 1033 1867 inpetrem
1054 1809 1111 1866 por-

103 1882 160 1940 fide
184 1883 253 1960 egit.
300 1881 331 1955 Q.
355 1882 454 1940 nullus
483 1881 520 1939 ab
543 1880 711 1941 incredibili
737 1881 851 1957 incipit.
897 1879 1052 1940 infinitum
1073 1880 1111 1938 est

105 1971 184 2047 quod
207 1971 324 2030 fecisset
346 1970 462 2044 videns,
490 1971 516 2028 si
537 1971 638 2047 potuit
664 1969 857 2045 parricidium
885 1988 992 2029 caecus
1015 1970 1110 2029 facere.

104 2061 142 2118 N.
166 2078 323 2119 novercam
351 2060 434 2133 prius
461 2058 636 2134 temptabat.
684 2059 716 2133 Q.
739 2061 893 2134 praesente
920 2059 971 2118 vel
999 2059 1135 2118 absentes

103 2147 210 2224 patre?
254 2149 292 2207 N.
317 2148 446 2206 absente.
493 2147 524 2221 Q.
547 2148 628 2206 idem
650 2149 762 2206 faceret
782 2147 872 2206 etiam
896 2165 930 2205 eo
955 2149 1109 2224 praesente.

104 2256 190 2296 caeco
213 2256 352 2312 praesens
376 2236 479 2296 absens
503 2239 555 2296 est.
601 2239 636 2296 tu
658 2256 728 2296 vero
749 2235 872 2296 insidias
894 2237 1035 2312 parabas.
1078 2233 1109 2293 N.

104 2345 159 2403 ego
183 2327 210 2384 ei
233 2326 310 2384 dona
334 2325 450 2399 dabam,
473 2344 531 2383 non
554 2324 686 2384 insidias.
734 2325 764 2400 Q.
789 2325 921 2384 mulieris
946 2325 1026 2383 dona
1047 2324 1110 2382 insi-

104 2415 170 2473 diae
193 2417 269 2473 sunt.
315 2415 354 2473 N.
378 2434 424 2473 me
452 2414 508 2474 sibi
538 2414 701 2488 alliciebat,
728 2416 814 2489 patre
837 2412 976 2472 veniente
999 2432 1031 2472 se
1053 2411 1111 2473 sub

176 2583 281 2637 lfacit
302 2593 375 2638 11111
429 2582 530 2638 utut:
550 2583 582 2636 fit
600 2593 629 2637 11
687 2585 797 2651 patrem
816 2591 965 2637 onam
1025 2579 1112 2652 apal-

103 2657 200 2723 patum
218 2664 264 2708 VB
316 2656 398 2708 bsub
413 2654 527 2724 pulvino
542 2655 640 2708 eiusn
694 2659 710 2706 6
720 2671 774 2724 pro
789 2654 1112 2709 accusat-novercata

103 2735 143 2778 11;
164 2726 328 2794 comparent
341 2742 435 2779 coram
448 2727 548 2779 senatu
614 2731 768 2778 inoverca
781 2724 905 2793 loquitur
919 2733 948 2777 11
1014 2730 1048 2777 10
1062 2740 1114 2776 ver-

102 2796 158 2848 bis:
175 2796 228 2849 sibi
242 2805 270 2849 11
322 2799 397 2850 recte
411 2796 537 2850 ordinem
547 2806 575 2850 11
629 2802 692 2852 aaa
706 2796 807 2865 cogitis
822 2795 899 2850 add:
914 2812 973 2849 non
988 2793 1114 2863 estquod

103 2870 205 2935 agatur
224 2869 299 2936 apud
317 2884 377 2933 vos,
400 2867 424 2922 si
443 2867 557 2936 quidem
576 2869 671 2921 actum
690 2867 775 2936 agitis
794 2877 822 2920 11
913 2872 945 2920 11
967 2865 1060 2920 minus
1078 2865 1115 2917 di-

102 2954 164 2990 cam
183 2948 211 2991 11
297 2941 402 2993 actum:
421 2955 534 2992 necesse
548 2948 577 2992 11
662 2944 695 2991 13
715 2937 906 3008 gratissimum
923 2947 952 2991 11
1032 2936 1114 2991 videri

102 3025 152 3062 oue.
173 3019 201 3062 11
296 3015 329 3062 14
348 3027 471 3078 quoque:
495 3010 564 3078 quid
585 3019 615 3076 νς
639 3009 707 3078 quia
724 3019 764 3076 33
786 3026 840 3078 que
858 3019 887 3063 11
984 3014 1017 3063 lt
1037 3009 1115 3077 depe

102 3080 157 3133 rire
182 3090 209 3133 11
322 3087 354 3133 16
380 3087 442 3150 post
469 3081 646 3136 innocentem
673 3081 737 3135 add.
767 3084 796 3134 et
823 3096 858 3133 ne
886 3080 956 3148 quid
985 3080 1115 3135 hodierne

103 3150 288 3205 sollicitudini
319 3154 463 3221 praestare
490 3152 609 3221 putetis,
637 3151 706 3206 fecit
733 3152 809 3220 quod
834 3153 876 3205 est
899 3151 929 3204 in
957 3153 1041 3206 rebus
1069 3151 1116 3204 hu-

103 3223 195 3276 manis
215 3239 353 3276 summum
373 3222 462 3290 nefas,
476 3240 511 3278 ne
528 3223 606 3277 aliud
622 3223 653 3278 in
671 3223 727 3278 olio
745 3223 904 3277 crederetur
918 3233 946 3276 11
1021 3230 1054 3278 17
1070 3221 1115 3292 qni

103 3302 133 3346 11
225 3299 257 3348 18
278 3294 339 3365 agit
357 3305 385 3349 11
403 3301 428 3349 et
447 3295 512 3349 odd.
536 3295 587 3348 filii
610 3311 712 3349 nomen
734 3294 818 3348 exuit.
918 3294 1073 3348 incredulis
1091 3303 1116 3347 n

492 3367 550 3432 bat
760 3414 767 3424 ,
974 3417 981 3426 ι

88 3428 126 3480 19
146 3425 221 3498 quid
239 3435 270 3482 11
345 3429 384 3482 20
402 3423 564 3492 temptavit
582 3429 623 3483 1'3
637 3416 791 3497 temptauit
804 3423 833 3463 R
896 3420 936 3462 ‘m
951 3419 1120 3467 emisse.

79 3503 130 3556 ret
149 3512 181 3558 11
263 3507 303 3560 23
322 3499 491 3558 mulierum
510 3505 539 3549 11
612 3493 655 3542 11
671 3487 744 3538 sibi:
758 3480 811 3531 ibe
830 3487 859 3527 n
926 3491 959 3525 se
975 3492 1028 3527 crux
1043 3488 1073 3528 ι
