2408 3840
345 138 581 194 DEcLAMATIO
600 139 638 194 xl
652 145 755 193 10-11
775 140 827 193 ΧΠ
842 147 865 195 1.
1048 141 1111 205 217

97 309 183 368 reris.
220 308 271 368 sed
294 309 319 368 si
341 310 415 368 bene
438 309 509 368 novi
529 328 622 384 capax
641 310 773 377 omnium
790 309 939 368 malorum
958 311 1113 369 scelerum-

99 418 157 474 que
180 401 298 473 pectus,
320 398 452 471 inimice,
475 398 557 458 vives
581 401 611 458 et
633 398 760 457 libenter
783 401 813 456 et
835 399 954 457 fortiter
974 401 1004 458 et
1028 400 1114 474 quasi

97 487 277 546 vindicatus.

568 680 646 753 XII.

71 864 84 903 ⁵
224 821 226 829 ¹
354 840 687 915 OADAVERIBVS
714 841 864 914 PASTI.

101 1037 177 1098 (lum
201 1040 308 1098 civitas
336 1040 414 1098 fame
441 1040 604 1113 laboraret,
630 1040 714 1098 misit
741 1038 779 1097 ad
806 1040 957 1098 frumenta
982 1040 1115 1117 legatum

145 1129 329 1204 praestituta
351 1128 406 1204 die,
429 1129 510 1188 intra
528 1147 617 1204 quam
640 1129 759 1188 rediret.
796 1129 946 1205 profectus
968 1128 1019 1187 ille
1043 1129 1116 1186 emit

146 1217 233 1276 etad
257 1218 348 1275 aliam
366 1218 518 1276 civitatem
541 1220 717 1292 tempestate
737 1218 852 1277 delatus
871 1218 962 1294 duplo
981 1217 1115 1276 vendidit

147 1309 178 1365 et
202 1305 326 1381 duplum
353 1307 497 1365 frumenti
518 1307 641 1365 modum
669 1308 859 1383 comparavit.
906 1307 958 1366 illo
983 1309 1115 1365 cessante

65 1413 89 1454 re
147 1397 322 1471 corporibus
340 1414 460 1454 suornm
482 1396 563 1472 pasti
581 1398 659 1454 srmt.
696 1413 830 1455 reversus
850 1396 888 1454 ad
905 1397 1115 1472 praestitutam

147 1484 226 1543 diem
249 1484 430 1559 reipublicae
452 1486 550 1544 laesae
574 1487 736 1544 accusetur.

168 1659 319 1737 Quamvis,
341 1661 461 1736 iudices,
486 1662 715 1722 innumerabiles
738 1681 784 1720 me
808 1662 983 1740 indignandi
1007 1680 1112 1720 causae
1132 1664 1150 1720 1

99 1751 191 1809 initio
211 1753 314 1809 statim
332 1751 458 1810 actionis
478 1752 673 1829 strangulent,
688 1751 758 1827 quia
776 1771 830 1810 nec
849 1752 944 1809 dicere
962 1752 1115 1810 universas

101 1839 193 1899 semel
211 1858 332 1915 possum
350 1857 404 1898 nec
422 1842 570 1917 gregatim
588 1844 775 1916 erumpentes
794 1840 911 1899 dJ'fferre
930 1840 1057 1918 gemitus
1073 1873 1114 1880 -

65 1946 88 1987 15
100 1929 197 1988 levior
227 1931 272 1987 est
299 1929 377 1986 enim
404 1927 490 1987 dolor
516 1930 568 2005 qui
596 1929 764 2004 disponitur
786 1963 830 1970 -
853 1931 982 2005 primum
1013 1933 1115 1999 tamen
1190 1954 1200 1962 .,

100 2018 153 2077 ille
181 2016 239 2077 sibi
262 2017 372 2076 adserit
399 2017 497 2076 locum
520 2018 572 2094 qui
600 2022 645 2077 est
668 2037 703 2076 ex
725 2019 781 2077 hcc
800 2019 905 2076 iudicii
929 2022 1061 2094 tempore
1086 2021 1115 2076 et

176 2192 192 2239 2
212 2201 266 2253 que
285 2202 334 2241 cm.
353 2196 375 2238 V
441 2187 536 2241 vinces
555 2197 587 2241 M

173 2259 246 2311 inter
268 2258 340 2312 teuc
357 2264 382 2312 et
404 2265 554 2327 sequentem
572 2260 793 2314 declamationem
815 2276 850 2312 ae
870 2259 987 2328 spatiolo
1008 2257 1116 2326 quidem

99 2331 257 2384 intermisce
285 2329 412 2400 lepemtcr
436 2332 517 2385 verba
544 2329 749 2384 GADAVERIS
772 2329 876 2383 PASTI
898 2340 926 2383 B
995 2328 1117 2382 feliciter

101 2417 258 2472 emendavi.
277 2403 974 2503 n.snssrc1nuumnrnrvusnccvsnrvs
993 2416 1116 2471 eneru-

103 2505 226 2560 TIONIS
254 2505 355 2560 um.
382 2509 552 2590 (ratrammo)
577 2507 674 2562 INCIP
700 2507 903 2563 CADAVERIS
926 2507 1031 2561 PASTI
1056 2509 1115 2577 (mi-

101 2596 246 2663 m‘ctor)V
291 2667 305 2682 w
331 2595 459 2650 EXPLIC
481 2595 588 2651 DIVES
606 2596 814 2652 Accvsnrvs
836 2596 960 2670 pditioie
982 2595 1115 2650 INCIPIT

101 2682 309 2737 ARGVMENT
328 2685 479 2754 (mittatur)
498 2694 530 2738 M
589 2685 718 2739 feliciter.
737 2684 862 2754 Explicit
880 2685 957 2739 dives
974 2685 1116 2759 pditionis

102 2755 251 2808 aecusatus
267 2754 375 2824 'Incipit
392 2756 536 2810 cadaveris
554 2756 638 2825 pasti.
675 2757 813 2826 Argumtir
832 2759 928 2828 (micio
942 2758 1029 2826 pieta)
1049 2769 1063 2820 p

176 2832 191 2877 ὁ
216 2824 358 2879 cadaveris
378 2849 408 2894 c,
427 2844 495 2882 corr.
510 2829 566 2881 Bc.
586 2827 684 2897 (Quint
702 2828 732 2880 in
750 2829 835 2896 pastu
854 2828 1020 2882 cadaverum
1038 2829 1115 2882 Lac-

100 2899 213 2984 recreer
226 2897 322 2963 Valla,
340 2898 490 2969 elegantiae
508 2902 534 2964 3,
549 2903 593 2953 99.
609 2903 636 2965 5,
645 2902 699 2954 340
704 2920 715 2965 ;
738 2899 774 2953 de
791 2901 876 2969 pastu
895 2898 1062 2953 eedaverum
1080 2899 1115 2954 u.

103 2972 132 3034 5,
147 2971 203 3091 3266
216 2969 417 3094 dfietdii5dtm
434 3048 460 3095 et
478 3041 495 3094 l.
510 3045 547 3096 12
569 3040 592 3105 Q
614 3044 687 3096 eoee'e
705 3041 832 3110 quamvis
851 3045 964 3107 emesa,
982 3058 1043 3096 eam
1060 3058 1117 3096 acre

96 3110 226 3181 petere
243 3127 276 3164 ec
293 3113 425 3186 micictcr
484 3113 735 3181 rpreesuruitque
754 3113 829 3166 diem
848 3122 880 3166 M
938 3113 1116 3166 Scivitatem

101 3183 147 3236 cst
169 3183 337 3251 tempestate
356 3192 384 3235 B
473 3188 505 3236 10
529 3200 652 3238 suorum:
677 3200 768 3238 ·orum
791 3185 823 3237 ire
844 3201 899 3238 rae.
918 3194 949 3236 M
1022 3183 1116 3236 EXPIc

101 3289 242 3389 mciii.
257 3288 326 3360 ieri⁵
342 3305 545 3361 cncevuers
559 3307 663 3361 Pleu
678 3309 710 3361 a
723 3325 809 3379 mam.
824 3307 941 3362 clvsn
955 3270 1020 3361 mli
1034 3318 1066 3362 ra

101 3375 229 3446 Exphert
247 3379 441 3461 argumentum
460 3391 475 3442 β
493 3381 535 3448 (ic
553 3389 581 3432 Ρ
597 3380 682 3433 minio
700 3382 840 3449 seriptum)

106 3528 129 3571 V
177 3453 428 3592 ltmppearrpapnhus
445 3466 520 3519 emir.
535 3471 567 3502 m
640 3455 672 3502 13
691 3451 868 3520 transgulent
886 3460 907 3503 V
970 3468 1022 3505 nee
1040 3468 1115 3520 eupr.
