2408 3840
85 164 148 228 100
409 162 532 219 AEGER
548 159 768 217 aunfflrvs

82 331 170 390 fratri
196 332 314 406 praeter
341 331 472 392 eiusdem
498 333 626 395 nominis
653 349 709 408 pur
732 350 766 390 ac
788 331 885 391 simile
912 331 1093 392 consortium

82 420 247 480 reverentia
274 439 392 497 quoque
423 421 575 498 languoris
608 419 776 495 accesserit,
806 419 984 498 indignatur
1017 419 1093 497 apud

82 509 218 568 adfectus
240 509 335 584 patris
357 529 416 570 non
435 529 501 569 eam
522 511 723 588 praevaluisse
745 510 871 585 partem,
893 508 927 567 in
945 526 1009 585 qua
1031 511 1093 568 tan·

84 602 149 658 tum
170 597 249 658 filius
268 601 341 657 erat.
376 617 436 658 non
459 598 587 674 invenio,
609 599 730 673 iudices,
753 596 1005 673 quemadmodum
1024 597 1093 657 etin·

84 707 153 765 gere
175 689 324 763 potuerim
340 688 474 747 criminis
496 689 584 747 huius
606 687 759 761 invidiam,
781 687 808 746 ai
825 687 907 746 hunc
927 687 1034 763 potius
1052 705 1093 747 re

83 777 234 852 cepissem.
256 808 259 813 ·
285 776 367 853 patri
402 778 450 836 cui
486 781 645 852 utrumque
681 777 782 852 pirata
811 775 935 835 reddere
966 775 1093 835 nolebat

86 866 273 925 redimendus
295 866 354 923 fuit
376 868 430 924 ant
453 885 540 944 aeger
562 870 616 925 aut
637 869 750 925 neuter.

173 952 270 1023 Quid?
300 954 381 1030 quod
408 955 520 1030 inquit:
549 951 653 1014 ‘etiam
679 953 864 1012 luxuriosum
890 948 1093 1028 praetulistit'

84 1063 181 1120 parce,
204 1044 328 1117 iuvenis,
347 1044 524 1119 maledictis,
546 1062 635 1119 parce
653 1042 803 1102 conviciis.
839 1041 1008 1117 reliquistis
1027 1042 1092 1101 haet

85 1134 219 1207 nomina3
243 1132 323 1191 domi
345 1136 432 1192 erunt
454 1135 514 1193 ista
535 1133 624 1208 vitia,
647 1132 729 1191 domi
750 1133 840 1191 erunt
860 1131 939 1190 istae
960 1132 1092 1191 vanitas

85 1220 137 1280 sed
159 1240 227 1280 cnm
254 1222 371 1281 fueritis
394 1224 513 1281 reversi.
557 1221 679 1280 interim
705 1220 781 1278 nihil
803 1219 887 1279 aliud
911 1220 984 1280 estis
1008 1239 1092 1296 qnam

86 1311 202 1385 fratres,
226 1329 315 1386 qnam
337 1311 424 1370 liberi
445 1311 513 1386 mei
535 1309 595 1370 duo
614 1311 735 1387 captivi,
758 1308 845 1368 ambo
867 1309 979 1384 misen',
1003 1312 1035 1369 et
1056 1309 1092 1367 di·

86 1401 211 1458 versitas
238 1403 338 1458 vestra
365 1400 401 1459 de
429 1400 647 1459 calamitatium
674 1399 816 1458 societate
843 1400 1023 1472 consumpta
1047 1401 1092 1458 est

87 1488 169 1547 vides
189 1507 278 1563 quam
299 1490 382 1548 nefas
407 1490 447 1547 sit
464 1489 592 1546 alterum
610 1507 645 1545 ex
664 1486 748 1547 vobis
766 1486 841 1545 mihi
858 1503 922 1546 esse
939 1484 1092 1547 vilioremi

86 1577 252 1652 piratarum
274 1595 333 1636 non
354 1579 480 1637 interest
501 1580 568 1637 uter
590 1577 727 1654 eligatur.
768 1575 816 1634 dic
837 1593 931 1634 nunct
954 1569 1092 1635 ‘luxurio

87 1685 153 1724 sum
179 1661 349 1725 redemisti?
395 1668 615 1741 comparatione
638 1668 751 1739 restra,
777 1664 907 1739 iuvenis,
929 1658 1001 1744 <si>
1023 1665 1092 1725 cuca

87 1756 299 1830 patrimonium
320 1757 482 1816 honoresve
505 1755 739 1828 emendaretur,
765 1756 795 1813 et
818 1771 872 1830 ego
894 1754 1092 1829 proclamabo.

88 1843 215 1902 vicisses.
248 1844 299 1903 sed
317 1848 439 1903 ventum
458 1847 503 1904 est
520 1845 602 1919 illuc,
616 1843 668 1902 nbi
686 1861 746 1901 non
764 1841 907 1920 probitas,
925 1861 987 1902 non
1005 1861 1092 1903 morer

89 1933 296 2007 aestimantur,
332 1937 363 1993 et
394 1936 430 1993 de
466 1933 639 2008 corporibus
675 1932 740 1991 sola
775 1931 889 1991 taxatio
922 1934 976 1991 est.
1024 1931 1092 1992 unde

88 2021 188 2081 tristes
211 2022 353 2082 toleraret
376 2041 470 2098 casus,
492 2023 585 2081 ferret
606 2019 706 2080 sordes
724 2020 919 2095 vinculorum,
942 2023 1092 2097 piraticam

88 2111 197 2170 famem
224 2113 339 2172 iuvenis
367 2130 455 2187 quem
481 2113 619 2186 torquere
646 2110 762 2170 solebat
787 2111 891 2170 nostra
919 2108 1092 2188 fi’ugalitas‘:

89 2201 166 2259 unde
180 2202 211 2260 et
223 2201 255 2258 in
273 2202 327 2259 illa
340 2201 500 2260 solitudine
515 2202 639 2259 carceris
653 2199 775 2259 duraret
787 2199 903 2258 animus
917 2199 1092 2260 convictibu·

90 2309 205 2365 semper
232 2289 479 2365 comitatibusque
505 2286 657 2349 laetatus?
702 2290 825 2364 expecta
846 2290 881 2346 tu
903 2306 995 2363 quom
1021 2289 1092 2348 daeo

90 2379 215 2437 honesta
242 2380 402 2454 patientia,
430 2378 589 2438 laudabilis
614 2378 699 2437 labor
721 2379 775 2452 qui
796 2376 854 2435 tibi
876 2376 1092 2437 difficultatiun

90 2468 188 2527 reddis
216 2467 279 2543 ipse
302 2468 457 2526 rationem.
493 2470 528 2526 tu
551 2467 692 2540 differtis,
718 2467 890 2526 luxuriosus
911 2467 1091 2543 relinquitur

91 2556 163 2630 qraid
195 2553 261 2614 ais?
313 2557 444 2632 praetuli
476 2557 574 2630 illum,
610 2555 647 2614 de
679 2574 737 2631 quo
771 2555 829 2614 soli
858 2554 916 2613 tibi
949 2555 1091 2631 querebar

163 2778 375 2848 tindignatnr:
394 2777 546 2832 inieras.
565 2777 768 2832 ctoideturn
834 2778 993 2845 epartem:
1013 2778 1056 2832 rte
1072 2777 1091 2829 ir

92 2867 145 2904 ros.
161 2859 189 2903 n
242 2850 370 2919 6pirata
387 2851 568 2918 utrumqnee
624 2850 787 2901 tnentrum
805 2857 833 2900 Ρ
885 2847 1091 2916 treliqniatil

94 2926 127 2974 10
151 2922 226 2976 domi
245 2923 338 2975 erunt:
362 2921 535 2974 dormierunt
552 2922 593 2975 bis
610 2929 639 2973 Β
728 2925 760 2972 13
780 2918 976 2973 calamitatum
999 2930 1039 2974 Vc

94 2993 326 3047 waterstetm
343 2995 437 3045 utrum
454 3009 529 3061 supr.
544 3002 582 3058 1³3
605 2993 676 3044 nts
746 2990 793 3044 dic
811 3006 886 3044 nunc
902 2999 964 3044 1'1:
988 2991 1091 3063 dignun

93 3081 167 3118 nuuc
185 3074 238 3131 1133
262 3063 378 3133 dignum
400 3062 438 3116 hc
461 3062 636 3131 dereliquisti
655 3073 676 3114 ο*
763 3067 795 3115 16
819 3061 843 3114 si
866 3060 930 3115 add.
946 3062 1036 3118 Klots

95 3141 126 3187 17
146 3136 310 3190 honoresve:
330 3134 447 3188 honores
466 3133 510 3187 vel
527 3143 566 3201 153
585 3133 741 3187 honoresne
755 3143 810 3199 1²63
829 3148 862 3186 ve
880 3150 919 3186 oo
937 3149 973 3187 ue
991 3132 1091 3188 dubius

94 3216 114 3259 s
182 3207 395 3261 contenderetur
413 3207 503 3260 Decet
524 3205 688 3259 concederet
706 3212 743 3271 ³3
767 3204 950 3258 contenderat
970 3214 1056 3270 meo

94 3285 128 3332 22
148 3280 187 3332 et:
207 3280 240 3331 ut
261 3286 335 3344 VPc3
353 3293 403 3332 cm.
419 3285 457 3329 se
510 3277 624 3330 duraret
644 3276 719 3331 Oba:
741 3276 824 3329 duret
841 3296 863 3327 ω
918 3276 1091 3331 convictibus

95 3350 243 3404 evictibus
262 3359 292 3417 1'3
311 3348 485 3403 conmotibus
499 3358 537 3413 1³3
557 3347 688 3402 conuetib
715 3355 736 3399 s
807 3350 979 3417 reexpecta
995 3348 1041 3402 tu:
1060 3362 1091 3402 ex

95 3473 206 3543 pectavi
223 3483 257 3540 Β,
276 3473 320 3527 vel
333 3475 365 3527 tu
383 3484 491 3542 supro
558 3478 592 3526 24
611 3470 687 3526 diffie
707 3472 780 3525 tatia
793 3480 832 3537 ις
851 3470 1054 3527 difficultatum
1071 3481 1091 3525 11

90 3550 126 3598 26
149 3544 289 3601 differens
307 3555 381 3601 Bw
448 3543 629 3614 relinquitur:
649 3542 796 3598 redimitur
814 3551 880 3608 Heu
949 3549 984 3599 28
1007 3543 1091 3599 solo.
