2408 3840
132 147 173 211 16
466 146 595 201 PAROES
612 144 808 201 PALMATVS

81 319 117 378 14
199 315 351 386 Quomodo
382 318 497 391 tamen,
528 317 641 391 inquit,
672 315 791 393 gladius
817 317 955 392 pervenit
986 316 1018 375 in
1045 336 1143 376 meam

130 407 311 483 potestatem
334 404 385 481 qui
406 406 539 482 privigni
561 403 640 463 fuit?
674 405 837 464 haeremus.
874 405 922 465 hic
946 405 1076 465 difficilis
1095 425 1142 464 ex-

131 494 309 571 pugnandus
338 496 382 553 est
409 496 499 553 locus.
546 494 612 569 quis
635 493 735 553 credet
756 494 843 570 mihi,
871 495 898 554 si
921 494 1033 555 dixero:
1067 490 1142 572 ‘gla-

132 584 215 641 dium
257 583 388 661 perdidit
432 601 551 657 caecus,
595 583 666 642 illae
706 586 850 660 perpetua
892 587 979 643 nocte
1024 584 1142 643 clausae

131 691 225 750 genae
257 692 315 731 non
348 667 592 732 custodierunt'?
635 671 746 749 fingere
777 671 918 730 nimirum
950 672 988 732 ad
1023 674 1177 749 tempusa

131 761 255 820 videbor
282 764 312 820 et
338 782 401 821 rem
428 763 554 821 nimium
580 761 770 820 manifestam
796 761 974 837 inpudenter
1001 762 1142 822 colorare.

132 850 245 910 scilicet
272 869 388 927 semper
412 851 465 910 isti
493 848 629 926 adposita
652 851 757 926 capulo
782 868 901 924 manus,
924 869 959 909 ac
982 850 1084 910 diebus
1108 869 1143 910 ac

131 940 268 999 noctibus
298 958 393 998 curae.
439 939 508 999 nclo
530 942 686 1014 tamquam
712 939 822 998 callido
850 939 986 1016 glorieris
1013 939 1142 1017 ingenio,

130 1049 191 1088 non
218 1028 363 1104 decepisti
388 1031 503 1087 trucem
530 1027 741 1102 horridumque
773 1028 933 1103 latronem3
961 1029 1057 1088 nostri
1086 1028 1143 1087 tibi

131 1117 315 1177 occasionem
337 1117 499 1194 praebuere
522 1135 625 1176 mores.
664 1135 735 1175 nam
758 1115 838 1192 quod
861 1137 920 1176 uno
942 1118 1007 1176 ictu
1029 1116 1142 1177 occisus
1155 1136 1179 1177 u

131 1209 178 1265 est
200 1225 300 1283 senex,
322 1239 367 1249 —
389 1201 503 1285 <haec>
527 1208 627 1264 autem
650 1205 688 1264 ad
711 1225 799 1281 quem
822 1205 950 1283 suspicio
977 1207 1074 1284 magis
1097 1225 1142 1267 re·

131 1293 241 1371 spicit?
262 1328 299 1336 —
320 1300 355 1355 tu
372 1314 551 1372 praeparare
574 1313 679 1371 corpus
697 1295 769 1353 illuc
796 1294 835 1354 ad
856 1297 932 1354 ictus
954 1298 1049 1371 potes,
1072 1295 1143 1354 dum

131 1383 241 1444 videris
275 1386 422 1460 amplecti.
467 1388 501 1443 tu
527 1384 639 1443 blanda
665 1403 756 1443 manu
782 1386 1000 1460 praetemptare
1029 1387 1142 1460 pectus

132 1472 185 1530 ubi
208 1473 330 1532 adsiduo
353 1473 474 1534 visemis
497 1474 585 1550 pulsu
607 1493 667 1532 non
686 1475 820 1548 quiescat
837 1473 945 1548 anima,
968 1473 1020 1532 ubi
1038 1475 1143 1532 statim

132 1580 211 1620 mors
234 1563 282 1622 sit.
327 1563 379 1621 ubi
402 1563 437 1621 de
461 1563 569 1639 spiritu
595 1563 747 1640 sanguinis
770 1563 869 1622 locum
896 1563 1049 1638 explorare
1073 1565 1143 1621 ante
1156 1581 1178 1623 u

134 1654 164 1708 et
187 1669 360 1728 cognoscere
382 1650 465 1728 licet,
488 1654 587 1729 potest
610 1655 640 1710 et
661 1670 720 1710 uno
743 1653 806 1710 ictu
827 1652 936 1710 mulier
958 1649 1098 1713 occidere.

199 1740 294 1799 Venio
321 1760 400 1800 nunc
426 1740 465 1799 ed
491 1741 619 1819 uestigia
645 1740 770 1817 parietis
801 1740 950 1799 cruentati
977 1740 1085 1816 quibus
1112 1744 1143 1800 te

133 1829 206 1888 satis
230 1829 403 1905 abundeque
426 1832 596 1906 pressimus,
618 1829 689 1888 dum
712 1829 931 1888 adulescentem
948 1828 1142 1889 defendimus.

132 1917 206 1977 haee
223 1921 306 1976 'sunt
336 1920 439 1977 tamen
467 1938 543 1994 quae
575 1921 679 1977 contra
709 1921 740 1978 te
770 1921 922 1978 reservata
951 1921 1030 1977 sunt.
1076 1938 1144 1978 cum

132 2007 258 2066 maritus
285 2011 354 2066 tuus
377 2008 410 2066 in
432 2008 566 2068 cubiculo
589 2007 779 2082 occideretur,
806 2007 918 2067 sciebas
945 2007 1061 2067 nullum
1087 2006 1179 2067 tibiae

133 2096 270 2155 relictum
291 2098 499 2172 patrocinium,
521 2097 581 2155 nisi
599 2096 713 2172 aliquid
731 2096 883 2156 caecitatis
901 2096 997 2156 simile
1016 2097 1143 2171 fecisses,

133 2185 260 2261 ideoque
288 2185 463 2263 sanguinem
489 2187 521 2243 in
549 2185 634 2243 illam
660 2186 778 2261 partem
803 2185 961 2260 induxisti,
992 2185 1024 2244 in
1052 2205 1144 2261 quam

134 2276 238 2351 quaeri
265 2275 398 2350 volebas,
428 2277 465 2334 -ut
493 2275 611 2352 postero
641 2275 689 2333 die
719 2274 814 2334 omnis
843 2274 958 2334 invidia
989 2275 1144 2352 sanguinis

133 2367 219 2423 notas
243 2365 273 2422 et
295 2365 423 2441 resume
445 2365 624 2440 praeparata
647 2366 826 2438 sequeretur.
864 2363 991 2423 infamas
1015 2382 1144 2438 caecum,

133 2452 289 2512 consilium
308 2471 342 2511 ex
360 2454 531 2513 calamitate
549 2453 710 2528 sumpsisti.
743 2452 855 2512 sciebas
872 2452 959 2511 illum
972 2471 1032 2511 non
1046 2453 1144 2528 aliter,
1157 2470 1180 2512 u

133 2541 160 2601 si
188 2541 247 2599 dux
274 2541 442 2617 defecisset,
473 2541 590 2618 ingredi
620 2560 705 2618 posse
739 2561 828 2618 quam
859 2542 986 2618 vestigia
1017 2542 1143 2618 parietis

205 2694 301 2748 cille:
320 2693 454 2748 illaeBV
504 2658 809 2765 bisileensupm)
864 2693 1003 2749 adom
1056 2693 1145 2748 bim-

133 2765 223 2886 palidi·1
229 2828 262 2871 Μ
313 2818 437 2873 colorare
449 2827 479 2872 V:
499 2798 641 2872 odilonem
654 2827 693 2885 Β;
709 2819 882 2887 complorare
901 2819 1001 2886 reliqui
1056 2818 1145 2873 aisti:

133 2889 190 2942 ista
207 2899 236 2942 Β
301 2891 438 2944 aedeis
509 2889 637 2943 8caIid0
655 2899 684 2942 Β
754 2896 786 2943 11
806 2889 876 2943 haec
894 2890 993 2944 addidi
1049 2891 1144 2944 autem

135 2960 285 3028 adquam:
305 2960 388 3015 adio
407 2970 489 3025 Mero
557 2961 648 3029 magis
668 2960 789 3030 suspicio
808 2969 841 3013 11
910 2966 943 3014 12
960 2975 1143 3029 praeparare:

133 3046 273 3100 praepara
290 3041 319 3084 Β
364 3032 434 3085 illuc
451 3042 498 3100 Βς-
509 3031 582 3086 illud
599 3033 699 3100 reliqui
753 3031 790 3085 ad
807 3032 893 3086 ictus:
912 3030 1043 3085 addictus
1062 3041 1114 3086 BV

133 3104 228 3171 potest
245 3112 274 3155 Β
335 3108 368 3155 14
386 3104 511 3157 visceris:
530 3103 630 3158 visceri
647 3112 717 3156 Bru
778 3108 810 3156 15
828 3103 891 3156 ubic
909 3102 965 3157 nisi
984 3112 1011 3156 P
1063 3102 1145 3173 spiri·

134 3175 195 3227 tum
214 3183 246 3227 Μ
314 3173 407 3231 locum
425 3175 576 3230 Parisinus
593 3178 679 3229 1618:
703 3174 820 3229 boccum
838 3184 898 3242 Βνς
924 3174 1030 3228 exitum
1049 3176 1144 3231 Audo-

133 3281 280 3349 ruureusis3
300 3280 388 3335 ictum
405 3282 506 3350 reliqui
564 3280 722 3350 exploraret
739 3291 767 3335 Β
838 3287 870 3335 16
888 3248 983 3351 potest
1000 3290 1023 3334 V
1072 3249 1102 3336 e¹⁵
1119 3290 1147 3334 Β

136 3392 170 3442 18
187 3370 294 3458 {odimus
312 3398 340 3442 Β
404 3388 483 3442 dum:
503 3388 588 3442 odurn
610 3398 632 3440 V
688 3387 891 3443 aduliscentem
908 3396 937 3441 Β
1000 3392 1034 3441 21
1055 3387 1145 3443 caeci·

133 3459 425 3585 illidii—didimi
492 3465 525 3514 23
544 3459 658 3514 nolebas
674 3469 701 3513 P
766 3465 800 3513 24
818 3461 900 3513 notas
915 3460 955 3513 et:
975 3460 1102 3515 nctasmt
1119 3468 1148 3513 Β
