2408 3840
121 133 185 197 218
436 131 690 188 GADAVERIBVS
709 131 814 187 PASTI

121 304 183 360 tam
206 302 304 360 lentae
326 300 475 360 vindictae
498 301 642 361 dilatione
666 303 757 378 ortus,
781 302 873 359 animi
896 303 956 360 mei
978 320 1072 378 prope
1090 301 1129 360 di·

120 391 213 448 xerim
231 391 322 465 furor,
342 390 421 466 quod
439 391 587 449 hominem
605 394 668 449 tam
688 391 872 465 sceleratum,
889 393 925 450 ut
941 409 997 450 nos
1017 409 1129 467 quoque

120 480 224 537 fecerit
242 482 389 554 nocentes,
413 479 527 557 legibus
547 481 732 554 accersimus,
755 479 836 555 quod
855 479 974 538 defendi
992 481 1129 555 patimur,

121 568 212 642 quod,
239 571 274 626 ut
296 569 438 644 puniatur
464 588 629 644 precamur,
656 568 735 645 quod
762 569 920 628 damnatus
943 587 1063 646 quoque
1085 569 1129 627 vel

119 659 213 714 morte
233 657 410 734 defungetur
429 677 519 733 quam
537 677 590 717 nos
608 659 640 716 in
658 657 712 716 illa
730 657 932 717 funestissima
950 658 1040 732 fame,
1061 657 1128 716 dum
1149 675 1158 715 s

119 746 239 821 sepeliri
261 747 355 821 licuit,
379 748 558 820 optavimus,
580 747 629 805 vel
651 747 754 806 exsilio
778 746 858 822 quod
879 747 928 806 hic
949 748 1128 823 quantopere

120 838 302 909 contemnat,
331 838 456 910 apparet
479 837 530 911 qui
557 839 621 894 tam
646 835 725 894 lente
748 836 780 894 in
807 835 938 912 patriam
961 836 1127 894 revertitur.

120 943 299 999 quamquam
323 923 441 999 dequo
470 924 557 983 exilio
583 922 710 1000 loquar?
755 925 943 1001 quantalibet
966 924 1128 1002 ignominia

118 1013 260 1072 dimittite
284 1013 370 1072 domo
389 1012 519 1087 noxium,
541 1014 632 1072 habet
655 1031 713 1089 quo
738 1016 794 1072 eat.
836 1033 896 1072 non
917 1013 1046 1088 publicis
1069 1031 1128 1072 ma·

117 1101 204 1161 nibus
234 1105 389 1160 exeuntem
416 1102 637 1179 discerpsimus,
666 1122 739 1178 non,
770 1104 912 1178 quoniam
940 1103 1033 1161 semel
1063 1120 1159 1160 con-u

117 1210 270 1250 sueramus
294 1192 324 1249 et
350 1191 508 1250 bonafide
535 1192 666 1250 ferarum
689 1210 751 1250 esse
774 1192 880 1251 civitas
904 1193 1056 1267 coeperat,
1082 1191 1128 1249 hic

116 1282 229 1355 primus
252 1279 336 1339 nobis
360 1300 394 1339 ex
416 1283 480 1338 tam
502 1280 588 1339 tardo
612 1284 778 1340 commeatu
800 1279 914 1355 placuit
936 1278 1043 1339 cibus?
1088 1279 1127 1339 sic

117 1371 196 1425 enim
217 1369 311 1427 istum
333 1369 454 1443 laniari,
478 1370 521 1428 sic
544 1369 661 1444 confici,
687 1370 729 1429 sic
752 1370 886 1428 consumi
908 1369 1044 1445 oportuit
1065 1370 1126 1427 iure

116 1460 225 1515 nostro.
263 1459 329 1533 quis
353 1455 475 1516 credat?
497 1477 552 1536 ego
571 1478 618 1515 me
639 1457 676 1516 ab
699 1460 755 1517 hoc
774 1456 921 1518 abstinere
943 1459 1040 1534 potui,
1063 1476 1127 1517 cum

116 1549 146 1604 et
169 1547 310 1604 esurirem
334 1550 364 1605 et
385 1544 550 1606 irascerer?
1138 1564 1159 1604 u

81 1635 99 1690 2
185 1633 243 1693 Sed
264 1637 412 1695 frumento
437 1638 573 1711 occupati
595 1654 695 1695 sumus
719 1655 772 1695 nec
795 1637 957 1712 quicquam
979 1635 1063 1694 aliud
1085 1635 1125 1693 vi-

116 1723 224 1782 demus.
272 1743 288 1783 o
312 1728 425 1801 quanta
448 1743 478 1784 es
506 1726 599 1784 fames
623 1743 699 1800 quae
726 1727 790 1782 tam
812 1724 957 1802 grandem
984 1726 1060 1783 iram
1084 1725 1126 1784 vi·

116 1813 197 1871 cisti!
244 1816 275 1871 at
299 1832 352 1891 ego
376 1815 494 1873 etiamsi
517 1814 587 1872 talis
610 1814 686 1873 ultio
711 1814 893 1892 contigisset,
917 1813 1014 1872 sime
1037 1832 1125 1872 aue·

114 1902 191 1959 fario
211 1906 377 1979 grassatore
396 1903 576 1977 reipublicae
595 1922 654 1962 non
677 1902 781 1980 lingua
802 1902 854 1961 sed
874 1901 1013 1961 dentibus
1030 1902 1124 1961 vindi-

114 2009 234 2066 cassem,
257 1992 333 2049 nihil
350 1995 452 2050 tamen
469 1994 541 2066 irae,
564 1992 640 2050 nihil
658 1992 807 2051 vindictae
825 1991 1048 2067 praestiteram3
1070 1991 1124 2050 hoc
1136 2008 1157 2048 ro

115 2083 144 2138 et
166 2081 239 2139 meis
262 2081 327 2139 feci.
365 2083 503 2140 aestuant
526 2082 621 2139 adhuc
644 2081 724 2139 intra
746 2084 849 2156 pectus
874 2081 993 2156 sepulta
1016 2079 1123 2139 ventri·

113 2168 167 2227 bus
195 2171 304 2227 nostris
332 2174 458 2247 cognata
482 2170 594 2228 viscera
622 2173 652 2228 et
673 2173 836 2228 tumescere
863 2170 944 2228 intus
969 2171 1059 2245 atque
1081 2169 1122 2226 iu-

115 2258 232 2334 dignari
251 2259 389 2318 videntur
412 2263 442 2317 et
465 2278 531 2318 sera
553 2261 737 2334 paenitentia
755 2257 931 2317 redundant.
966 2258 1030 2316 iam
1048 2258 1124 2316 enim

112 2351 200 2406 vacat
228 2348 312 2406 nobis
339 2349 453 2425 lugere,
483 2348 544 2406 iam
571 2347 651 2406 cibos
678 2350 795 2406 nostros
823 2347 984 2421 efferimus,
1012 2348 1123 2408 viscera

113 2455 289 2511 cremamus3
311 2456 381 2495 nam
404 2440 501 2495 cetera
523 2437 677 2495 nobiscum
697 2437 885 2511 sepelientur.
923 2454 940 2494 ο
963 2437 1059 2495 fames
1081 2439 1153 2494 inse

112 2525 225 2599 audita,
247 2527 279 2582 in
299 2546 358 2601 qua
380 2526 474 2585 levius
498 2525 639 2601 estquod
664 2525 821 2584 esurimus!
857 2524 1002 2603 ignoscite
1024 2528 1124 2584 tamen

112 2614 218 2672 violati
240 2633 341 2674 manes
364 2633 509 2688 meorum,
537 2615 584 2672 hic
606 2631 659 2673 vos
683 2614 836 2690 adloquor,
859 2614 1019 2691 ignoscite,
1046 2612 1123 2690 quod

182 2789 197 2835 3
217 2765 367 2837 adersimus
385 2794 423 2850 Βς
442 2802 457 2836 r
474 2801 508 2838 ec
525 2800 592 2838 corr.
608 2793 640 2837 M
691 2789 708 2835 4
726 2799 892 2866 praecamur
909 2783 974 2838 cdd.
990 2785 1022 2837 iu
1037 2801 1121 2854 marg.

110 2917 244 2971 mom]
296 2909 660 2977 tdumcm.M,supr.m
715 2871 1071 2978 tligtmseripsin)

110 2980 215 3045 quanto
235 2996 319 3047 opere
337 2989 358 3032 V
427 2985 441 3033 7
464 2980 607 3050 patriam}
628 2981 657 3048 (2
675 2980 716 3034 uel
734 2983 751 3033 3
770 2981 821 3034 litt.
836 2982 883 3049 er.)
901 2989 929 3032 B
1001 2984 1017 3032 9
1041 2979 1123 3032 dimi·

109 3051 169 3103 tate
189 3059 220 3101 M
297 3051 423 3104 noxium:
442 3053 605 3115 notaturus
686 3056 719 3103 10
738 3050 930 3104 discerssimus
949 3059 982 3103 M
1059 3067 1122 3105 eon-

109 3137 286 3175 sueveramus
305 3131 350 3186 Μβ
432 3128 463 3175 12
484 3123 590 3176 civibus
609 3135 649 3175 ar
727 3123 756 3175 et
774 3121 815 3176 sic
833 3131 866 3175 M
945 3127 979 3174 14
998 3120 1080 3194 tcum
1097 3130 1123 3175 Ι

111 3197 142 3243 15
163 3193 343 3262 etgirascerer
362 3197 391 3262 (2
409 3194 459 3247 litt.
474 3197 521 3264 er.)
535 3204 563 3247 B
652 3198 685 3246 16
708 3192 834 3247 lumento
853 3203 891 3259 113
910 3210 925 3245 r
942 3204 1053 3262 supr]

110 3268 142 3315 18
162 3266 284 3316 uutBM
330 3264 503 3336 talisgultio
519 3269 546 3334 (4
559 3266 600 3320 ccl
615 3268 632 3318 5
645 3266 696 3319 liu.
712 3266 760 3334 er.)
773 3274 805 3318 Μ
857 3269 890 3317 23
910 3263 1084 3329 viridantur
1097 3273 1123 3318 Ι

108 3375 142 3421 26
164 3370 265 3425 levius:
285 3352 380 3426 lluuis
399 3382 438 3437 1¹3
456 3372 507 3426 leti
524 3373 568 3426 uis
588 3382 620 3426 Μ
636 3371 675 3441 (in
694 3370 750 3425 alio
771 3370 892 3425 habetur
909 3369 940 3423 in
958 3387 1016 3439 qua
1033 3371 1122 3426 levius

107 3442 222 3566 gisgleplctli
240 3442 342 3566 ‘l'eviuis
368 3445 444 3513 quod
468 3445 539 3498 euir'
566 3445 597 3498 iu
621 3460 706 3513 marg.
726 3445 767 3512 m)
857 3441 999 3496 esurimus
1022 3452 1056 3497 M
