2408 3840
113 157 177 222 112
437 155 612 213 CORPORIS
630 155 798 212 PROIEGTI

112 345 185 384 uxor
208 326 333 384 nimium
355 324 459 384 dilexit
481 327 511 384 et
538 324 626 383 filius.
673 325 744 400 quid
771 343 826 402 ego
853 326 993 401 putarem
1018 325 1052 382 in
1078 343 1117 383 re·

111 436 178 474 rum
195 417 304 474 natura
320 433 407 490 posse
424 416 550 491 reperiri
564 413 644 490 quod
657 415 785 473 orbitate
803 413 938 472 acerbius
951 409 1118 472 videretur?

112 523 172 562 non
202 503 348 581 contingit
376 503 450 561 mibi
476 536 514 544 —
540 501 621 578 quod
650 504 755 562 ceteris
784 503 984 562 miserrimum
1012 505 1060 561 est
1084 532 1118 542 -

112 593 208 651 filium
235 593 344 651 efferre.
389 611 496 668 parum
522 594 568 651 est
590 592 670 667 quod
691 592 793 652 iuveni
814 591 974 670 singularis
996 590 1122 666 exempli

114 700 202 740 causa
224 682 328 740 mortis
351 681 398 739 fui
420 683 450 740 et
471 683 536 739 tam
557 682 690 756 pretiosa
709 680 881 757 redemptus
903 682 1005 739 anima
1028 698 1123 755 senex,
1145 698 1156 739 s

114 771 264 829 ominosus
281 773 378 829 morte
400 770 455 828 filii
477 771 543 846 mei,
567 770 644 830 vivo.
681 788 788 846 parum
810 768 954 844 estquod
970 768 1048 828 mibi
1065 770 1124 828 luc·

114 862 179 917 tum
197 879 296 917 meum
313 859 421 918 fluctus
439 859 626 934 nuntiarunt,
649 860 680 916 et
698 859 780 917 aliud
798 859 900 936 agenti
922 858 1004 935 patri
1027 858 1125 918 subito

114 949 153 1006 ad
175 949 247 1006 litus
271 947 382 1007 orbitas
406 948 532 1024 appulsa
555 949 612 1023 est,
636 947 716 1023 quod
738 947 878 1007 miserum
899 947 1040 1006 iuvenem
1061 948 1126 1007 toto

114 1038 258 1096 iactatum
279 1037 356 1095 mari
379 1037 484 1112 etiam,
512 1036 646 1095 sinemo
669 1036 900 1112 interpellasset,
928 1054 994 1095 sero
1020 1036 1126 1111 sepeli·

114 1145 189 1184 rem:
214 1124 309 1184 adhuc
332 1143 469 1200 supremo
493 1125 651 1201 prohibeor
674 1125 780 1201 officio,
804 1127 841 1200 et,
864 1124 997 1201 nequid
1020 1124 1125 1184 solacii
1139 1142 1161 1184 ro

115 1216 275 1292 contingat,
298 1213 389 1290 perdo
413 1216 504 1272 etiam
525 1217 617 1274 maris
640 1214 880 1274 misericordiane
917 1212 1003 1273 inicit
1027 1232 1127 1272 erran·

114 1306 176 1361 tem
198 1305 315 1379 corpori
342 1323 463 1361 manum
490 1304 597 1362 mulier
619 1305 649 1361 et
676 1302 782 1379 piratis
806 1305 836 1362 et
860 1304 1039 1378 tempestate
1062 1322 1127 1362 oru-

115 1392 221 1468 delior,
249 1396 352 1468 atque,
380 1395 415 1450 ut
443 1392 564 1451 accedat
593 1392 688 1451 dolori
714 1411 779 1451 meo
807 1392 942 1451 cumulus
965 1410 1045 1467 quae
1072 1392 1128 1451 hoo

80 1482 203 1557 tfacit,
229 1501 304 1540 uxor
329 1499 396 1541 mea
423 1485 474 1541 est.
520 1481 646 1556 nequis
673 1484 774 1540 tamen
801 1484 879 1540 erret
905 1480 1041 1559 ignotus,
1068 1499 1128 1540 non

116 1573 160 1629 est
182 1570 237 1628 filii
259 1571 318 1628 mei
340 1589 479 1644 noverca,
512 1570 563 1629 sed
589 1572 692 1630 mater.
738 1589 756 1630 o
783 1570 912 1644 facinus,
944 1589 962 1629 o
990 1568 1128 1629 cladibus
1141 1586 1163 1629 ιι

115 1661 224 1717 nostris
246 1661 363 1716 mutata
385 1660 506 1718 natura!
547 1663 643 1719 mater
665 1663 764 1738 ignem
787 1661 927 1718 ultimum
948 1658 1011 1717 filio
1036 1661 1128 1737 negat

117 1751 147 1804 et
168 1747 275 1806 mulier
295 1766 371 1822 quae
393 1750 536 1806 maritum
555 1768 672 1825 quoque
691 1768 778 1808 suum
796 1748 952 1808 debilitata
970 1746 1127 1807 desiderat.

117 1837 183 1910 quis
205 1836 261 1894 hoo
285 1835 320 1894 dc
343 1837 401 1895 ista
425 1836 549 1897 credat?
584 1837 679 1895 filium
702 1857 761 1896 non
784 1838 844 1912 flet,
866 1835 1001 1895 funditus
1026 1854 1129 1896 eversa

116 1925 229 1982 fulmen
257 1924 313 1982 hoo
344 1925 535 2002 gladiumque
565 1946 625 1985 non
654 1927 753 1985 sentit.
799 1928 950 2001 comparet
982 1924 1128 1985 dolorem!

117 2016 229 2089 quanto
247 2013 361 2072 minore
379 2033 468 2073 causa
489 2017 644 2074 excaecata
663 2018 714 2073 est.
751 2016 848 2090 huius,
870 2013 991 2088 indicae,
1014 2032 1127 2090 poenae
1140 2031 1162 2071 a·

118 2102 154 2161 ab
178 2102 243 2179 ipsa
264 2106 360 2160 morte
383 2104 509 2179 repetite
533 2105 650 2162 crimen.
697 2122 752 2180 ego
775 2122 849 2179 sum,
872 2120 927 2180 ego
950 2105 982 2162 et
1004 2102 1128 2181 alligavi

116 2192 211 2250 filium
238 2212 338 2250 meum
364 2195 395 2251 et
420 2193 565 2251 infamari
592 2195 635 2267 et,
662 2212 699 2250 nc
724 2212 784 2251 non
812 2192 932 2251 accedat
959 2192 1129 2270 gravissimi

118 2280 228 2340 doloris
256 2299 352 2339 eomes
379 2283 577 2357 paenitentia,
604 2281 635 2338 in
658 2281 746 2339 illum
772 2281 959 2340 mortiferum
982 2298 1128 2341 earcerm

117 2372 214 2429 mersi.
252 2388 310 2445 quo
333 2370 395 2429 fato
418 2373 554 2446 parentes
576 2372 666 2429 miser
688 2371 810 2429 sortitus
834 2372 888 2443 est,
909 2371 944 2428 ut
967 2369 1015 2428 illi
1035 2371 1128 2429 vitam
1162 2396 1166 2403 ·

117 2461 211 2534 pater,
235 2459 419 2534 sepulturam
440 2462 536 2517 mater
563 2457 715 2517 auferret?
758 2479 829 2518 nam
851 2462 885 2517 ut
907 2456 1054 2534 pietatem
1076 2457 1160 2516 filiiee

118 2548 176 2606 mei
199 2549 289 2606 semel
316 2547 450 2622 indicem,
478 2551 593 2622 patrem
620 2546 754 2607 redemit.
800 2547 825 2606 si
849 2547 929 2624 quod
952 2564 1007 2624 ego
1035 2541 1127 2606 redie-

117 2637 187 2710 rim,
214 2654 288 2695 uxor
315 2636 466 2709 irascitur,
494 2636 599 2695 reddat
620 2639 767 2696 rationem
791 2655 843 2695 our
865 2637 994 2712 acceptis
1019 2636 1127 2696 litteris

117 2728 190 2783 meis
213 2724 336 2784 fleverit.
382 2727 487 2800 atquin
514 2726 695 2784 miserrimus
722 2727 838 2786 iuvenis
862 2725 1008 2801 quomodo
1032 2728 1128 2803 magis

191 2948 329 3002 ldeloxit
347 2958 374 3000 Ρ
444 2965 509 3018 ergo
528 2958 560 3001 Μ
629 2948 790 3030 tacervius
812 2958 834 3001 Γ
901 2948 1128 3019 3contingit11,

118 3092 137 3126 n
155 3073 205 3126 del.
221 3084 250 3140 ῦς
271 3072 390 3144 contigit
404 3082 436 3125 Μ
486 3079 503 3126 4
522 3037 781 3142 iuvensdngularis
794 3082 829 3140 Β,
848 3089 922 3143 supr.
937 3082 968 3140 ος
986 3038 1096 3126 iuvenis
1113 3081 1134 3125 ι’

119 3151 134 3198 6
158 3145 410 3199 ominosue—mei
428 3161 478 3199 om.
495 3154 522 3196 Ρ
541 3145 573 3197 in
596 3146 697 3198 locum
782 3144 936 3198 ominosue:
959 3143 1075 3198 odiosus
1094 3152 1129 3209 Ι,

116 3216 163 3269 vol
180 3216 322 3270 ominoeue
340 3236 372 3268 m
426 3215 535 3285 ‘lpatri
553 3232 603 3270 om.
618 3224 652 3281 B,
671 3217 703 3268 in
721 3232 806 3286 toury.
826 3216 923 3269 oddo
978 3220 1012 3269 11
1030 3216 1129 3269 marie:

118 3287 215 3341 mortis
234 3296 272 3354 33
296 3286 412 3341 meroris
434 3295 456 3339 v
532 3286 753 3340 misericordiam
771 3286 853 3339 inicit
870 3302 951 3340 erran
969 3302 1020 3341 om.
1038 3288 1072 3341 in
1089 3288 1129 3341 lo·

118 3411 192 3448 occa
210 3404 237 3446 Ρ
307 3398 341 3446 14
359 3391 448 3459 faciat
465 3401 493 3445 Β
563 3398 596 3446 17
616 3410 697 3447 suum
715 3410 827 3462 quoque
845 3402 866 3445 ι’
923 3360 1073 3449 debilitata
1092 3402 1130 3453 1:

120 3465 267 3519 debilitate
290 3474 365 3517 VPm
455 3469 488 3516 22
512 3480 563 3518 nec
582 3473 623 3531 Μ,
647 3464 692 3518 vel
715 3481 750 3518 no
773 3486 804 3518 m
889 3482 946 3520 non
968 3472 1063 3520 om?

119 3542 153 3589 25
169 3536 315 3604 pietatca
