2408 3840
135 154 200 218 286
520 154 595 211 ODII
613 153 721 210 POTIO
738 154 766 208 11

134 326 255 382 tionem.
301 342 335 382 ex
363 327 488 399 utraque
515 325 636 384 fortuna
663 322 811 383 desideria
839 322 1017 383 4441444441
1063 322 1143 382 nobis

135 411 220 471 crede
243 414 295 487 qui
318 412 460 487 vidimus,
487 413 553 488 quis
580 412 638 472 tibi
661 415 734 472 tunc
762 413 822 472 fuit
848 412 982 488 corporis
1007 409 1143 472 habitos?

136 502 201 577 quis
228 499 346 576 pallor?
377 520 467 577 quam
494 501 685 577 miserabilis,
712 520 803 578 quam
832 501 975 579 pudenda
1001 498 1145 562 tristitia?

135 590 271 665 quotiens
294 594 327 649 tu
350 609 495 650 venenum
517 590 617 650 bibere
640 588 783 650 voluisti?

200 680 269 738 Non
291 683 337 739 est
358 681 460 757 igitur,
487 680 616 754 iuvenis,
645 679 725 756 quod
747 679 804 738 tibi
827 679 962 755 queraris
985 679 1074 738 illam
1095 680 1177 738 mis

134 769 280 828 tissimum
301 771 418 845 partem
440 770 587 828 humanae
607 769 716 828 mentis
734 768 880 828 ablatam:
902 786 965 827 non
982 770 1146 842 4441141444,

134 858 185 917 sed
203 858 420 933 inpatientiam,
443 877 503 916 non
521 859 716 934 voluptatem,
738 857 789 917 sed
806 859 967 932 tormenta,
988 876 1052 918 non
1070 875 1146 918 amo

133 967 204 1023 rem,
228 946 279 1005 sed
302 946 380 1022 quod
403 964 565 1021 amaveras,
587 946 751 1022 perdidisti
793 949 912 1022 amoris,
934 948 962 1006 si
984 947 1146 1023 sapientiae

134 1054 293 1112 sequamur
320 1038 466 1110 auctores,
494 1037 735 1111 antiquissimum
762 1053 872 1094 numan
903 1037 934 1094 et
961 1036 1010 1094 cui
1039 1054 1072 1096 se
1098 1053 1146 1094 na

134 1129 219 1184 turae
246 1123 334 1182 debet
360 1125 529 1183 aeternitas.
575 1124 627 1184 sed
653 1124 705 1184 ille
732 1124 815 1185 mitis
840 1128 871 1184 et
893 1126 988 1184 serius
1015 1125 1145 1184 honestis
1156 1140 1178 1182 4

134 1213 346 1289 cupiditatibus
374 1216 405 1272 ct
426 1212 539 1272 viribus
566 1232 667 1273 sacrae
695 1214 829 1274 emmas
856 1214 1007 1287 exultans,
1036 1217 1072 1273 41
1098 1213 1146 1289 qni

134 1304 239 1362 cuncta
265 1302 381 1377 priscae
413 1302 508 1361 noctis
536 1305 640 1378 operta
672 1304 799 1380 caligine
829 1301 979 1362 diduxerit
1009 1305 1144 1379 primum,

134 1390 239 1449 deinde
261 1392 423 1450 miscuerit.
459 1391 508 1450 hic
531 1409 600 1451 vcro
624 1411 683 1467 quo
706 1391 831 1468 perditis
853 1391 1017 1451 visceribus
1042 1389 1144 1450 adbae

133 1498 231 1540 remus
253 1479 390 1554 inquieti,
415 1479 596 1539 lascivientis
619 1480 716 1540 adhuc
740 1483 846 1539 aetatis
868 1482 1016 1540 instinctu
1038 1480 1143 1540 tumul·

132 1573 237 1628 tuosus
251 1587 286 1627 ao
303 1567 450 1644 petulans,
468 1569 537 1628 telis
554 1569 683 1628 funereis
701 1569 873 1645 facibusque
888 1572 1032 1629 armatus.
1063 1588 1142 1646 prae
1154 1581 1175 1624 4

134 1662 195 1718 stat
226 1659 319 1735 igitur
350 1658 401 1716 ille
433 1657 609 1717 mortalibus
641 1658 750 1718 liberos
781 1659 837 1718 bac
868 1659 983 1718 usitata
1015 1657 1143 1736 coniugii

132 1750 258 1824 pietate,
280 1747 329 1805 hic
351 1748 474 1821 incesta,
495 1746 642 1825 libidines,
666 1748 823 1821 adulteria,
845 1747 1023 1807 meretrices.

82 1833 117 1888 11
200 1836 339 1894 Referam
357 1854 434 1894 nunc
452 1835 603 1894 fabulosas
621 1836 764 1895 inmodici
779 1835 888 1895 furoris
901 1836 1141 1914 prodigiosasque

133 1927 294 1999 novitates,
329 1927 502 2001 conceptum
534 1925 734 1984 nescientibus
765 1925 858 1984 oculis
889 1927 988 2004 ignoti
1019 1923 1141 1986 hominis

134 2016 294 2090 aspectum,
317 2014 444 2072 formam
467 2015 527 2073 suis
545 2016 577 2071 in
595 2031 626 2073 se
649 2013 812 2073 luminibus
830 2013 993 2089 ardentem,
1016 2015 1140 2093 virgines
1151 2026 1173 2067 44

132 2107 252 2179 patrum
275 2105 425 2162 senectute
447 2102 619 2180 flagrantes,
642 2103 814 2162 mortalium
839 2104 1030 2179 ferarumque
1053 2105 1140 2164 coitus

134 2209 147 2321 Γ
206 2243 239 2291 14
262 2238 296 2303 cf.
316 2236 412 2291 HIER.
427 2235 566 2319 epistaa,
583 2239 654 2319 1·(p.
671 2239 733 2306 254)
761 2237 843 2321 dum·
856 2253 945 2321 essem
974 2236 1140 2321 adolescens,

132 2309 462 2434 ffitqapqgqunqqeeqlat
478 2324 584 2377 primos
602 2310 724 2377 impetus
747 2308 919 2362 lascivientis
938 2310 1044 2363 aetatis
1062 2323 1140 2364 erenu

204 2512 220 2560 2
239 2509 306 2560 tunc
322 2504 397 2559 Oba:
412 2504 463 2557 uni
476 2525 498 2555 ω
547 2511 564 2556 4
579 2485 689 2572 qnotiell
698 2513 727 2556 Β
774 2503 1045 2558 venenum—bibere
1057 2505 1140 2574 (siclv

133 2577 349 2631 Sadamaveras
367 2584 406 2627 Vc
475 2574 518 2646 si}
535 2584 556 2627 V
631 2573 788 2642 patientiae
807 2590 909 2643 sequar
925 2584 954 2629 Β
1035 2576 1140 2630 tacto

132 2666 175 2702 res
191 2659 217 2700 P
269 2647 393 2715 antiquis
412 2645 615 2714 antiquissimis
633 2655 661 2698 B
733 2651 764 2700 11
785 2648 814 2699 et
831 2659 960 2711 saoraes
1035 2652 1069 2700 12

132 2720 222 2773 noctis
241 2717 304 2771 odd.
324 2717 478 2771 visionibus
497 2726 530 2784 P,
548 2717 598 2771 del.
613 2721 719 2770 444443
773 2716 920 2771 deduxerit
938 2730 972 2782 αβ
1028 2723 1062 2771 13
1100 2717 1140 2771 414

137 2802 157 2843 V
225 2789 301 2857 quod
318 2799 387 2843 BVo
475 2793 508 2841 14
532 2790 582 2842 441
601 2787 638 2841 ad
656 2787 828 2842 lascivientis
845 2797 925 2855 Πᾶς
951 2788 988 2842 ad
1006 2787 1025 2841 l.
1046 2799 1078 2844 Μ

133 2862 205 2952 adde
223 2907 251 2949 B
329 2895 494 2950 instinctum
517 2905 537 2946 V
613 2894 788 2949 tumultuosa
805 2904 874 2948 BVo
954 2899 987 2948 11
1006 2894 1098 2948 stellis
1113 2901 1138 2959 V3

132 3004 216 3058 tellus
235 3016 256 3057 4
324 3002 422 3057 lueriis
441 3012 500 3068 BV3
518 2981 635 3056 funeiiis
649 3011 682 3055 Μ
695 3004 721 3072 (4
735 3019 810 3070 supr.
824 3004 883 3070 n);
902 3000 1008 3054 funeris
1027 3013 1056 3068 βς
1075 3018 1137 3057 corr.

133 3089 149 3129 s
216 3091 270 3144 que
289 3092 338 3129 om.
354 3087 394 3127 ao
409 3074 484 3143 (add.
498 3076 539 3143 ιι)
613 3079 646 3129 16
665 3073 719 3127 hac
737 3072 856 3126 usitata:
880 3075 1049 3127 accusatura
1065 3082 1138 3136 Ινσς

133 3165 166 3201 44
183 3148 259 3201 usita
277 3156 315 3212 11,
334 3163 400 3201 corr.
415 3166 447 3197 u·
524 3144 655 3214 coniugia
668 3153 737 3197 BVo
814 3160 848 3197 ac
865 3143 1002 3196 usitatam
1020 3141 1139 3214 coniugii

132 3221 267 3288 pietatem
286 3218 369 3272 Klotz
441 3221 473 3270 17
493 3214 691 3270 adhulteriaV
760 3219 793 3268 18
811 3230 897 3268 nunc:
917 3231 986 3268 num
1003 3224 1066 3284 1V3
1088 3231 1139 3269 non

128 3354 183 3398 ,114
231 3342 334 3398 forosis
352 3351 391 3408 83
404 3287 519 3410 Ἠ
535 3350 556 3393 V
605 3339 835 3409 inprodigiosque
848 3349 918 3392 BVo
971 3344 1007 3393 20
1024 3339 1138 3395 formam

117 3440 155 3486 ‹o;
173 3430 284 3504 coras
350 3416 411 3512 suis
430 3433 484 3502 om:
498 3425 529 3501 J·
556 3486 563 3499 ·
585 3411 720 3466 ardentes
733 3419 766 3532 ξι
810 3410 948 3529 Quique
961 3411 1149 3526 ςὲέὒᾚῗ

87 3501 582 3642 Pssdmwdgmudagdnlidglsm
603 3487 835 3613 {maffia
849 3493 1007 3604 sumile,
1020 3541 1100 3590 tetus
1113 3513 1174 3591 tal„
