2408 3840
135 187 162 251 1
459 183 603 239 alans
621 175 815 240 11111111

140 355 300 428 obiecerat,
337 353 438 430 palum
469 353 599 430 positum
632 355 676 412 est
708 353 761 413 sub
794 353 888 412 oculis
920 343 1053 412 omniurn
1084 354 1152 412 totu

139 442 227 502 domo
249 440 436 502 notissimum
459 443 578 501 ferrum.
624 442 705 502 scitis
732 444 847 518 quanto
872 442 1077 519 neglegentius
1100 458 1151 501 cu·

140 531 252 592 studiat
273 532 385 591 ferrum
407 531 486 590 bona
509 531 698 606 conscientia,
722 551 811 607 quam
835 533 925 591 etiam
949 532 1031 590 extra
1054 530 1151 607 suspi-

140 621 255 681 cionem
278 622 317 680 sit
339 638 386 680 res
408 622 471 680 sine
493 638 557 679 usu.
598 622 767 680 innocentia
789 620 871 695 facit,
892 622 928 678 ut
949 621 1061 678 ferrum
1082 620 1150 679 sub·

139 712 220 770 trahi
242 711 337 786 possit
360 711 451 769 etiem
473 709 595 768 uidenti.
638 711 700 771 sive
722 712 816 788 igitur
839 709 947 785 aliquis
971 728 1006 768 ex
1024 709 1150 769 servulis
1179 729 1191 769 s

140 801 295 875 corruptus
319 802 376 874 est,
405 798 580 876 praesertim
601 799 692 858 etiam
714 799 797 858 facili
820 801 983 872 occasione,
1007 800 1068 857 sive
1091 799 1151 873 ipsi

139 907 282 949 novercae
313 906 373 946 non
400 888 495 946 defuit
526 888 649 946 audacia
678 888 715 947 ad
741 887 909 963 ferendum,
942 885 1021 963 quod
1052 888 1150 946 facere

110 982 113 985 ’
139 981 258 1054 poteret
276 977 366 1036 etiam
383 980 538 1053 praesente
556 979 703 1054 privigno,
725 976 830 1052 utique
852 1007 897 1019 —
920 975 998 1052 quod
1017 975 1150 1035 dubitari

139 1085 198 1125 non
217 1056 324 1142 potest,
347 1065 426 1141 quod
444 1067 518 1124 fecit
536 1070 649 1125 eertum
667 1066 784 1124 sceleris
804 1067 953 1124 auctorem
975 1095 1013 1104 -
1033 1065 1152 1125 mavult

136 1157 171 1214 in
199 1155 286 1214 caede
314 1155 411 1215 alieno
438 1157 484 1213 uti
510 1155 602 1231 quain
628 1173 681 1214 suo
710 1155 809 1232 gladio
833 1156 968 1232 quisquis
995 1153 1082 1212 illum
1104 1172 1191 1214 11-11

139 1243 264 1303 licturus
289 1247 339 1302 est.
381 1244 505 1322 reliqua,
527 1244 648 1319 iudices,
671 1243 783 1302 1111111
805 1246 939 1319 possunt,
961 1243 1041 1301 facta
1061 1243 1149 1301 aesti-

137 1336 228 1392 mate.
269 1332 378 1391 dicitur
401 1351 503 1393 caecus
526 1335 589 1392 sine
611 1335 733 1409 rectore,
756 1333 819 1391 sine
838 1332 911 1391 duce
931 1351 965 1390 ex
982 1332 1037 1389 illa
1059 1349 1150 1408 pena-

137 1421 215 1480 tium
234 1424 318 1498 parte
338 1424 451 1481 secreta
469 1424 499 1480 11
516 1439 610 1498 paene
626 1440 661 1482 ex
676 1422 735 1495 alia
749 1421 836 1480 domo
849 1441 904 1497 per
916 1421 1005 1479 inane
1018 1420 1150 1499 longum,

139 1529 193 1587 per
210 1512 256 1570 tot
274 1511 385 1569 offensa
403 1511 516 1586 limina,
534 1531 587 1587 per
605 1510 782 1570 excubantes
801 1510 933 1570 servulos
952 1527 1064 1569 errasse
1082 1528 1150 1570 cum

139 1599 231 1674 ferro,
261 1599 428 1659 cubiculum
451 1599 555 1659 deinde
577 1599 672 1675 patris
694 1602 857 1678 ingressus,
885 1600 918 1657 in
939 1601 1077 1658 neutram
1099 1599 1149 1658 de·
1164 1618 1189 1660 rs

137 1687 253 1748 flexisse
275 1691 403 1764 partem,
422 1688 473 1747 sed
495 1691 575 1747 recto
598 1689 702 1766 gradu,
725 1690 802 1747 sicut
822 1687 928 1747 ducere
946 1687 1026 1746 oculi
1043 1688 1150 1761 solent,

140 1776 179 1836 ad
201 1777 345 1836 lectulum
366 1780 521 1836 accessisse
539 1778 654 1852 leviter,
675 1777 786 1836 nonin
803 1780 903 1836 torum
920 1776 1066 1851 incidisse,
1090 1793 1151 1835 nou

47 1877 50 1882 ·
103 1864 210 1925 4ante
242 1866 410 1941 pervenisse
442 1884 533 1941 quam
560 1865 697 1925 crederet.
743 1884 808 1942 vos,
836 1866 961 1941 iudices,
992 1867 1151 1923 criminum

139 1955 304 2014 tumultum
328 1974 364 2013 ex
392 1974 491 2013 rarum
515 1954 572 2013 fide
598 1954 704 2014 ducite.
750 1955 898 2014 dormiens
930 1972 1030 2028 senex,
1061 1972 1151 2029 quem

139 2061 242 2104 caecus
264 2061 418 2121 percussor
440 2046 606 2120 quaereret,
630 2045 774 2103 excitatus
798 2047 867 2102 ante
890 2046 967 2102 esset
989 2062 1081 2119 quam
1103 2043 1149 2100 in·
1163 2063 1189 2104 ao

138 2134 298 2193 veniretur.
343 2133 471 2210 iungunt
497 2132 544 2192 his
570 2133 665 2191 multo
692 2131 925 2206 incredibiliora,
952 2135 987 2191 ut
1008 2129 1151 2190 occiderit

138 2225 269 2299 putrem,
295 2224 459 2298 pepercerit
481 2240 637 2296 novercae,
664 2221 858 2297 parricidium
880 2223 980 2281 autem
1003 2239 1061 2279 uno
1085 2221 1150 2280 ictu

140 2311 327 2388 explicuerit,
357 2311 435 2386 quod
462 2312 523 2370 fere
550 2311 600 2371 vix
623 2312 714 2370 etiam
736 2311 783 2369 his
807 2313 975 2388 contingere
998 2309 1075 2369 solet
1097 2311 1151 2385 qui

139 2401 240 2460 oculos
262 2417 353 2458 manu
376 2403 547 2475 sequuntur.
592 2399 676 2459 nulla
699 2418 768 2477 crgo
791 2399 941 2458 luminum
962 2400 1072 2472 virtus,
1098 2398 1151 2458 aed

138 2489 226 2548 homo
243 2490 356 2548 ferrum
374 2489 517 2547 missurus
535 2489 567 2545 in
585 2506 696 2562 casum,
719 2489 792 2548 satis
811 2489 891 2563 felix,
913 2488 939 2547 si
957 2489 1150 2563 percussisset
1163 2507 1189 2548 ss

139 2596 346 2654 quamcunque
374 2578 503 2652 eorporis
527 2579 657 2653 partem,
687 2579 719 2635 in
741 2579 838 2653 ipsam
860 2578 995 2652 protinus
1019 2578 1150 2635 animam

137 2667 244 2726 incidit
267 2671 310 2740 et,
333 2684 372 2723 an
393 2666 484 2724 morti
506 2667 711 2742 satisfecisset,
733 2666 888 2725 intellexit.
935 2665 1080 2740 officium,
1105 2665 1149 2723 iu-

138 2755 231 2832 dices,
258 2757 410 2815 oculorum
438 2757 483 2814 est
508 2757 679 2814 renuntiare
706 2755 842 2814 manibus
871 2755 944 2831 quid
973 2758 1073 2814 actum
1102 2756 1149 2812 sit.

138 2845 219 2903 caeci
237 2843 415 2921 percussoris
434 2863 494 2902 una
512 2845 654 2903 securitas
672 2845 771 2902 fuerat
789 2844 906 2921 saepius
925 2845 1022 2902 ferire.
1058 2848 1150 2920 negat

211 3048 226 3096 1
246 2991 324 3101 edistis
342 3057 371 3101 B
430 3053 444 3101 'l
464 3048 501 3102 ad
515 3048 672 3104 ferendum:
692 3048 864 3104 afferendum
878 3058 910 3102 11
921 3052 998 3118 (corr.
1009 3050 1094 3117 m)J;
1113 3047 1150 3102 ad

138 3113 321 3172 auferendum
338 3119 386 3175 Gr.
434 3127 466 3202 14
482 3119 643 3175 cumferro:
659 3120 827 3176 conferre?
871 3126 903 3175 15
917 3121 1074 3190 ingressum
1084 3127 1154 3171 nvo

141 3244 173 3292 16
193 3242 323 3310 ς1111Β
359 3249 389 3299 17
409 3206 515 3298 idldisse
529 3254 561 3298 11
596 3250 628 3299 18
643 3262 728 3315 quam
742 3246 773 3298 iu
787 3253 920 3315 marom
940 3252 1151 3312 1111111111]

141 3315 174 3362 19
193 3327 239 3366 ex:
259 3315 287 3368 11
306 3330 339 3380 ac
357 3317 440 3385 (supr.
456 3318 509 3386 Ρ),
528 3332 596 3371 corr.
611 3325 645 3370 11
704 3316 789 3371 fidem
808 3325 840 3369 Β
909 3320 943 3370 10
961 3330 1107 3385 percursor
1124 3323 1153 3368 Β

140 3387 173 3435 11
193 3383 348 3454 iunguntur
365 3397 395 3452 J,
419 3387 520 3454 Steffeu
604 3395 639 3442 11
662 3386 822 3457 peporcecit
843 3396 882 3454 Β,
909 3395 1015 3444 corun
1101 3402 1151 3440 no·

139 3468 294 3509 vercae-
318 3457 484 3527 explicuerit
513 3460 610 3515 decent
637 3460 668 3513 io
694 3468 722 3512 Β
815 3464 848 3513 13
872 3459 930 3513 fere
953 3474 1011 3528 esp.
1033 3466 1065 3510 Β

123 3544 354 3617 1111111111
406 3566 552 3622 incessum
573 3575 604 3621 11
656 3570 688 3620 11
711 3581 746 3620 ex
764 3575 798 3634 B,
815 3567 878 3619 etc
938 3570 972 3618 19
990 3545 1153 3633 perfidiis!
