2406 3832
413 105 648 166 Dsonffliuo
666 110 706 165 IV
719 117 832 167 18-15.
934 140 937 147 ·
1088 113 1129 177 81

115 279 198 356 quod
218 281 385 356 stupemus,
408 281 524 339 animus
548 296 636 338 ausus
659 279 818 358 diligenter
841 280 1006 356 adtendere,
1029 284 1061 340 in
1084 301 1130 341 ar-

117 387 194 428 cana
219 370 345 428 naturae
367 387 484 428 sacrum
505 368 590 428 misit
610 369 777 446 ingenium,
805 372 835 429 et
862 389 897 429 ex
920 370 1051 430 adsiduis
1079 371 1130 431 ob-

119 457 337 518 servationibus
364 459 501 533 notisque
528 457 719 517 redeuntibus
746 459 905 518 latentium
927 460 1042 519 ratione
1070 461 1128 519 col-

118 547 196 606 lecta
222 547 361 623 pervenit
387 546 426 604 ad
457 564 569 606 causas.
614 548 733 606 miraris
760 548 858 607 fatum
887 548 1015 608 hominis
1043 567 1130 625 posse

92 635 258 711 spraedioi.
305 635 483 695 defectiones
506 635 636 694 siderum
663 636 837 712 laboresque
860 640 1027 706 narrantur,
1055 658 1130 697 nun·

116 726 235 784 tiantur
253 727 336 804 origo
354 727 575 801 tempestatum,
597 724 742 785 lassitudo
761 728 927 799 ventorum,
950 726 1029 801 quod
1048 726 1129 786 sidus

115 813 293 874 imm0dioos
325 815 395 874 solis
427 813 560 888 ardores,
593 813 672 889 quod
703 833 820 874 severas
851 815 981 874 minetur
1011 815 1131 889 hiemes,

117 903 191 978 quid
214 902 383 980 significent
400 905 496 979 sparsi
518 903 636 980 longius
655 903 758 978 crines,
781 903 853 979 quid
872 903 1023 963 ardentius
1041 903 1130 962 solito

115 991 214 1066 iubar,
243 991 315 1067 quid
337 1009 457 1052 excussa
484 992 605 1051 damma
632 991 784 1052 sideribus.
829 1012 890 1051 non
916 993 1035 1052 invenio
1059 992 1130 1068 quid

74 1105 101 1146 ιο
117 1099 181 1140 esse
204 1083 301 1157 possit
322 1084 430 1140 certius
453 1099 539 1140 verae
563 1080 636 1140 artis
659 1081 812 1158 ingenium
831 1101 921 1157 quam
943 1081 1039 1141 dicere
1058 1081 1130 1157 quid

115 1170 254 1229 futurum
277 1172 325 1243 sit,
346 1169 411 1229 fieri
434 1170 539 1230 deinde
564 1169 643 1245 quod
666 1170 781 1229 dixerit.

185 1257 271 1327 Quod
302 1259 328 1317 si
359 1277 421 1319 esse
453 1261 548 1319 artem
579 1259 822 1318 mathematicam
852 1259 982 1336 probant
1012 1262 1130 1333 natura,

69 1343 73 1350 ’
115 1348 206 1422 ratio,
225 1349 434 1423 experimenta,
456 1351 543 1424 pater
561 1366 678 1423 quoque
698 1349 750 1423 qui
768 1349 894 1408 credidit
911 1349 1130 1424 consulendum,

115 1438 262 1512 superest,
284 1438 318 1494 ut
340 1437 530 1497 ostendamus
548 1456 652 1496 verum
675 1436 783 1497 dixisse
801 1437 836 1497 de
859 1438 968 1498 futuris
988 1458 1075 1514 quem
1093 1438 1129 1496 de

74 1547 100 1589 ss
114 1525 288 1601 praeteritis
309 1544 367 1585 non
390 1544 547 1602 possumus
569 1526 696 1601 probare
718 1529 885 1586 mentitum.
923 1529 1047 1602 accipite
1070 1529 1130 1602 pri·
1146 1527 1184 1582 15

114 1633 200 1673 mam
214 1615 394 1674 certissimae
408 1617 550 1675 scientiae
567 1615 783 1691 probationem.
815 1617 904 1676 homo
919 1616 1021 1692 quide
1040 1618 1129 1691 partu

113 1701 334 1778 consulebatur,
356 1723 416 1763 non
434 1705 569 1765 confudit
586 1704 779 1780 turbavitque
796 1723 978 1781 responsum,
1001 1723 1055 1764 neo
1076 1724 1130 1781 per

114 1794 217 1852 variae
246 1792 384 1870 ambages
412 1793 710 1870 indeprehensibilem
742 1795 853 1870 sparsit
881 1814 1022 1868 errorem,
1054 1793 1130 1851 nihil

114 1883 161 1940 ita
183 1881 301 1940 locutus
324 1884 382 1957 est,
404 1882 537 1941 utillud
560 1881 746 1941 audientium
768 1884 974 1958 interpretatio
997 1882 1130 1941 traheret

71 1992 103 2032 ao
116 1970 320 2048 dirigerctque
342 1990 400 2046 quo
424 1972 535 2031 mallet.
577 1973 683 2047 atquin
706 1972 738 2028 in
762 1991 795 2030 eo
817 1974 884 2031 tota
906 1974 983 2031 ratio
1007 1970 1131 2029 fallendi

116 2062 175 2132 est,
203 2077 265 2118 non
287 2058 357 2118 dare
380 2061 600 2120 consulentibus
624 2059 703 2135 quod
726 2060 902 2135 deposcant,
927 2061 979 2120 sed
1002 2060 1130 2136 caligine

114 2165 285 2226 magnaque
312 2150 524 2223 promissorum
551 2150 686 2209 vanitate
715 2166 871 2223 suspensos
899 2150 942 2207 sic
971 2149 1130 2220 dimittere,

115 2240 150 2296 ut
174 2237 317 2311 quicquid
340 2256 425 2297 casus
454 2238 603 2313 attulerit,
630 2239 739 2314 putent
762 2256 823 2296 esse
851 2238 1045 2312 praedictum.
1092 2254 1131 2294 an

114 2387 268 2441 latentium
290 2388 399 2443 ratione
422 2389 540 2444 collecta
562 2383 691 2459 pervenit
710 2388 747 2442 ad
766 2404 878 2455 causas,
898 2390 931 2441 ut
949 2387 1130 2458 profanarum

113 2457 286 2528 religionum
303 2459 463 2514 miseranda
482 2462 639 2515 commenta
657 2460 812 2512 humanum
830 2475 918 2528 genus
937 2460 1059 2529 primum
1074 2458 1130 2511 dis·

114 2531 201 2598 ceret,
221 2529 322 2584 deinde
340 2533 537 2598 contemneret,
556 2532 641 2586 tertio
659 2533 809 2585 recusaret.

188 2677 204 2726 1
225 2672 380 2738 archanas
430 2680 445 2726 2
465 2691 575 2728 sacrum
589 2687 615 2738 s:
636 2689 714 2727 sacro
728 2681 807 2739 Bw,
827 2689 907 2726 sacra
921 2683 953 2725 Μ
986 2671 1131 2741 ingenium

114 2757 144 2808 a:
158 2742 367 2814 ingeni013w3
386 2745 501 2814 ingenio
519 2755 552 2797 Μ
603 2743 676 2817 (se)
692 2760 770 2797 sacro
784 2744 862 2797 misit
876 2744 989 2813 ingenio
1003 2744 1043 2796 H.
1053 2760 1084 2811 p.
1095 2745 1132 2796 57

114 2849 276 2904 4miraris:
295 2850 306 2903 i
324 2852 440 2904 almum
457 2853 489 2904 tn
506 2868 561 2905 ras.
576 2859 603 2902 Μ
693 2849 874 2904 anuntiatur
891 2860 942 2902 Μσ
1030 2831 1131 2903 eleti-

113 2921 184 2975 tudo
204 2930 233 2974 Μ
304 2927 446 2975 sueveras
466 2934 493 2975 r:
514 2938 625 2975 serenas
644 2943 666 2973 ω
739 2919 852 2980 8‚soliti
869 2930 908 2989 B,
932 2937 1000 2976 corr.
1015 2922 1047 2974 ia
1065 2930 1131 2973 oo

114 2985 491 3046 9excussazcxclusa1ffl
552 2997 585 3046 10
604 3008 639 3045 ne
659 3000 700 3058 Μ;
720 3007 833 3045 veram
892 2991 1038 3060 ingenium
1057 2991 1130 3046 Set:

113 3098 231 3169 ingenio
250 3119 273 3150 ω
344 3115 440 3167 quam:
460 3115 514 3166 quo
534 3109 561 3152 P
632 3103 664 3152 11
685 3064 722 3152 sil
744 3108 765 3150 V
832 3098 934 3152 deinde
953 3097 1013 3151 fieri
1032 3106 1064 3150 Μ

115 3175 148 3223 12
168 3175 184 3224 ὁ
204 3186 238 3224 cc
257 3173 290 3222 ὦ
308 3178 337 3222 Μ
388 3171 490 3223 natura
508 3187 541 3224 ea
559 3172 678 3223 naturae
697 3172 723 3238 (e
741 3172 830 3238 er.)B
883 3175 917 3220 14
937 3167 1096 3220 ostedamus
1114 3177 1135 3219 ι’

115 3246 148 3294 15
166 3239 307 3295 mentium
326 3248 362 3308 Μ,
382 3243 395 3294 t
412 3258 486 3310 supr.
501 3261 533 3293 m
595 3246 627 3294 17
648 3240 795 3309 confugdit
813 3244 842 3307 (n
860 3241 906 3308 er.)
926 3246 953 3289 Μ
1008 3242 1040 3290 19
1059 3237 1131 3291 illud

114 3360 141 3401 r:
162 3347 246 3402 illum
265 3367 288 3399 ω
345 3345 552 3414 interpretatio:
572 3362 588 3399 o
607 3349 639 3401 ia
656 3362 711 3400 rac.
725 3355 754 3399 Μ
814 3350 847 3398 20
867 3311 1043 3414 dirigerique
1061 3354 1082 3395 ν

113 3419 144 3472 in
166 3435 219 3474 oen.
235 3426 269 3471 Μ
317 3473 320 3477 ,
355 3422 388 3471 21
413 3415 563 3487 caliginem
580 3426 609 3470 Μ
698 3422 731 3469 22
754 3416 880 3470 vanitate
899 3437 934 3470 o:
960 3415 1132 3468 varietates

114 3495 147 3543 23
167 3488 319 3544 attulerint
341 3497 362 3540 V
431 3504 489 3542 esse
508 3505 558 3543 om.
575 3498 607 3541 Μ

167 3589 331 3640 ernrmranr
344 3597 547 3628 nsonmrronrs
562 3587 598 3626 ed.
611 3587 744 3627 Lehnert.
956 3580 971 3628 6
