2408 3840
116 164 181 226 340
408 161 557 216 INFAMIS
575 161 615 214 IN
632 159 792 214 Marum
807 160 835 214 lI

114 331 195 389 tibus
214 330 354 405 elisisque
372 330 511 390 uberibus
529 330 604 388 mihi
621 329 692 389 fecit
714 329 868 388 invidiam
905 329 983 388 unde
1001 331 1035 388 in
1052 330 1127 389 hanc

114 421 325 495 inpatientiam
343 422 489 495 prorupit,
512 417 636 478 exiluit?
659 419 740 477 domi
760 438 808 477 me
826 419 904 476 nihil
921 421 1127 496 interrogavit.

114 527 235 583 possum
261 508 335 583 iam,
362 511 458 567 mater
484 509 600 583 infelix,
628 525 728 568 coram
754 507 857 566 liberis
884 527 920 566 ac
945 508 1128 584 parentibus,

115 616 236 674 possum
265 597 453 683 audientibus
488 597 544 656 diis
573 596 801 672 hominibusque
836 597 978 656 clamare:
1011 599 1042 656 et
1074 616 1128 675 ego

116 688 215 745 amavi
237 686 333 744 filium
355 707 467 762 meum,
491 706 551 746 non
574 686 691 761 osculis,
713 704 773 744 non
795 685 980 761 infirmitate,
1002 705 1062 746 non
1085 688 1153 746 las

116 777 228 849 crimis,
257 776 309 834 sed
331 775 457 850 viribus,
485 776 598 850 dolore,
625 777 781 851 patientia.
826 775 948 834 unicum
977 795 1078 851 quem,
1103 778 1129 835 si

114 866 178 923 acie
201 865 356 923 clausisset
378 865 481 938 hostis,
504 865 617 923 vicaria
639 868 735 923 morte
753 882 925 938 servassem,
948 865 976 922 si
996 864 1129 923 subitum

114 954 253 1012 cinxisset
271 953 449 1027 incendium,
470 953 640 1012 extulissem
657 954 763 1012 relicta
780 971 915 1012 meorum
932 955 1019 1029 parte
1036 972 1128 1011 mem-

114 1043 248 1116 brorum,
279 1043 375 1116 eripui
403 1042 600 1120 malignitati,
631 1042 743 1101 abstuli
771 1042 877 1101 famae.
923 1041 1018 1101 habeo
1049 1043 1129 1118 quod

114 1132 249 1207 inputem
270 1130 336 1206 tibi,
359 1133 476 1206 natura,
501 1133 605 1207 pietas.
651 1151 715 1190 rem
737 1130 944 1190 difficillimam
967 1131 1025 1190 feci
1049 1131 1129 1206 quod
1142 1153 1164 1191 rc

114 1240 173 1279 non
197 1239 244 1278 me
267 1222 367 1296 potius
394 1221 496 1279 occidi.

79 1311 97 1366 ὅ
183 1310 280 1367 Malae
302 1309 491 1368 tractationis
515 1311 642 1369 accusat.
688 1309 814 1383 adeone,
836 1327 918 1382 uxor,
941 1308 999 1366 tibi
1020 1327 1128 1384 parum

114 1398 217 1457 videor
239 1397 353 1456 dedisse
376 1417 538 1474 poenarum
561 1400 630 1474 post
652 1398 854 1474 parricidium,
876 1400 912 1456 ut
932 1397 1064 1472 labores,
1092 1417 1128 1457 ne

114 1487 284 1545 lucrifaciat
310 1489 397 1562 pater
425 1487 503 1562 quod
533 1487 641 1546 occidit
669 1486 766 1545 filium
795 1484 902 1545 suum?
945 1505 1008 1546 non
1036 1487 1129 1562 pudet

114 1594 197 1652 ergo,
226 1577 252 1633 si
278 1576 414 1635 irasceris
441 1573 628 1651 parricidae?
674 1576 747 1651 quid
768 1575 826 1634 tibi
849 1595 916 1635 cum
943 1576 1010 1653 lege
1038 1595 1128 1652 quam
1142 1595 1162 1635 rs

114 1667 236 1739 propter
258 1664 333 1724 alios
356 1666 484 1724 minores
508 1667 662 1741 accepistis
685 1663 844 1724 adfectus?
879 1666 1016 1740 querelas
1039 1664 1129 1724 habet

113 1754 181 1826 ista,
200 1772 259 1811 non
273 1756 400 1830 gemitus
415 1757 445 1812 et
458 1756 553 1813 matre
568 1756 698 1830 seposita
713 1755 806 1813 sclam
824 1754 983 1829 conploret
999 1773 1127 1813 uxorem.

180 1843 293 1901 Rursus
313 1842 351 1901 ad
369 1843 513 1919 populum
527 1861 615 1903 vocas
629 1843 771 1902 miserum
788 1840 953 1918 pudorem?
970 1844 1128 1902 materiam

114 1931 184 1990 novi
206 1933 332 1991 rumoris
356 1929 513 1990 accendis?
548 1931 663 2007 perdidi
682 1951 752 2009 ergo
771 1933 917 1991 rationem
936 1933 1044 1991 secreti
1061 1934 1126 1991 mei.

114 2023 156 2080 sic
184 2022 283 2079 omnia
310 2022 452 2095 feceram,
480 2041 518 2079 ne
547 2022 618 2096 quid
646 2023 699 2079 aut
727 2023 832 2096 quaeri
856 2024 957 2096 posset
985 2025 1039 2081 aut
1062 2021 1126 2081 dici.
1140 2040 1162 2079 so

113 2110 174 2168 iam
193 2129 261 2168 vero
281 2110 354 2184 quid
371 2110 572 2185 inpudentius,
596 2109 667 2185 quid
685 2109 836 2188 indignius
856 2129 956 2185 quam,
981 2129 1049 2168 cum
1072 2109 1128 2169 sibi

114 2199 149 2255 de
172 2199 273 2257 liberis
297 2198 421 2258 credunt
443 2199 532 2258 licere
554 2199 740 2272 tantundem,
763 2201 794 2257 et
812 2218 939 2275 aequum
961 2200 1010 2258 ius
1033 2200 1127 2275 patris

115 2307 149 2346 ac
172 2289 276 2346 matris
300 2306 362 2347 esse
385 2288 576 2362 contendunt,
600 2290 686 2364 quasi
708 2290 842 2348 nesciant
864 2288 949 2347 nobis
969 2288 1126 2348 arbitrium

114 2378 194 2435 vitae
221 2377 360 2452 necisque
388 2374 597 2436 commissum?
643 2397 702 2436 non
730 2380 775 2436 est
801 2377 1007 2455 privilegium,
1033 2378 1127 2436 filium

115 2466 254 2540 occidere,
278 2483 345 2525 curn
362 2465 427 2524 fieri
445 2468 552 2542 potest,
575 2485 628 2525 nec
648 2468 806 2542 quisquam
824 2469 943 2525 tautum
961 2467 1029 2525 ideo
1049 2468 1159 2539 fecitis

115 2556 186 2629 quia
215 2555 325 2614 liceret.
371 2555 485 2614 viscera
513 2557 594 2615 unici
624 2556 755 2614 lacerare
785 2554 894 2615 suffeci.
940 2555 1075 2632 ignosce,
1104 2557 1129 2614 si

114 2663 173 2701 non
196 2646 280 2720 potes
304 2643 377 2701 mihi
400 2645 525 2703 credere.
572 2663 657 2703 nemo
685 2644 781 2702 filium
803 2662 888 2702 suum
912 2644 1023 2702 occidit
1048 2645 1129 2704 odio:

114 2752 174 2790 non
193 2735 250 2791 erit
271 2732 350 2790 tanti
368 2735 484 2792 iuvenis
503 2736 625 2793 invisus.
661 2733 739 2791 illud
758 2736 803 2791 est
822 2736 855 2790 iu
877 2733 1015 2808 patribus
1034 2753 1129 2809 usque

114 2822 153 2879 ad
184 2821 377 2897 parricidium
409 2822 541 2881 terribile
572 2823 652 2899 quod
684 2824 798 2895 amant,
832 2822 912 2896 quod
944 2827 1129 2896 succurrunt,

186 2992 332 3046 adomine
349 3001 406 3059 111,
425 3003 526 3046 corno
593 2991 665 3044 nihil
683 3007 727 3045 me
747 3001 779 3045 Μ
848 2996 939 3059 4que
957 3008 1033 3060 supr.
1048 3000 1077 3044 Β

115 3069 130 3115 5
149 3079 205 3116 non
224 3069 287 3117 octe
305 3063 468 3116 infirmitate
482 3070 556 3132 supr.
576 3072 598 3115 V
652 3069 668 3117 8
688 3062 818 3117 cincisset
832 3072 865 3116 Μ
916 3061 1017 3117 relicta
1036 3079 1131 3117 eorum

114 3143 167 3186 BV
234 3136 315 3203 parte
332 3133 461 3187 relictam
480 3151 576 3189 eorum
590 3144 622 3188 Μ
691 3140 723 3188 10
742 3136 860 3188 naturae
879 3143 946 3198 Mac
1015 3140 1048 3188 13
1067 3149 1132 3204 par-

114 3205 246 3258 ricidium
264 3208 297 3259 ut
315 3205 387 3260 Sub:
407 3205 564 3274 periculum
583 3208 611 3259 et
629 3227 651 3258 ω
716 3211 749 3259 16
769 3205 840 3259 alios
859 3205 938 3260 Desa.
953 3223 984 3274 p.
997 3210 1034 3260 75
1040 3227 1046 3259 :
1066 3221 1132 3260 avos

113 3286 174 3342 81⁷3
193 3293 243 3330 nos
263 3286 303 3344 ²¹¹3
323 3293 371 3330 vos
390 3288 426 3340 so
496 3282 528 3330 17
547 3294 604 3331 non
621 3294 678 3330 non
696 3286 718 3329 V
785 3276 912 3345 suposita
931 3286 958 3330 P
1031 3282 1064 3332 18
1083 3294 1132 3348 po-

107 3347 221 3418 puloV
269 3347 391 3405 materia
410 3357 436 3402 Β
488 3353 522 3402 ‘20
542 3348 637 3403 omnia
653 3365 687 3402 ecc
706 3364 787 3402 omne
804 3357 833 3400 Β
885 3349 1133 3418 a1qnam:quod

96 3467 128 3511 P
189 3467 228 3517 24
248 3461 408 3536 nesciaque
423 3470 449 3515 Β
510 3463 547 3513 ‘lh
565 3457 632 3511 ideo
647 3462 735 3510 cmv
784 3457 823 3503 ‘ab
832 3434 999 3502 iscelam
1046 3455 1137 3507 *effi

83 3559 170 3624 ΝΑ·
191 3542 335 3614 suffitu
392 3560 428 3612 27
446 3549 574 3611 credev
629 3541 758 3600 occidis
807 3532 931 3602 &hun
973 3536 1156 3583 numum
