2408 3840
129 160 192 224 152
439 157 569 214 GEMINI
587 157 830 214 tenerioris

128 331 230 388 vestra
252 328 404 402 lacrimas,
428 346 516 404 super
539 328 674 386 ardentes
697 335 785 405 rogos
806 326 916 386 tenetis
939 326 1147 386 inconcussam

128 417 315 495 rigidamque
343 418 462 490 faciem,
490 418 542 476 itis
570 416 689 476 obviam
711 415 977 490 consolationibus
1003 417 1044 489 et,
1068 414 1148 490 qnod

131 526 248 565 omnem
270 506 392 565 modum
414 506 545 566 feritatis
568 505 697 580 excedit,
725 505 854 581 captatis
875 506 909 562 in
933 523 1045 582 magns
1068 504 1146 563 ealo-

89 602 92 609 '
129 597 236 654 mitate
258 595 383 652 laudari.
422 594 585 670 quidquam
609 612 679 672 ergo
703 594 760 653 erit
784 594 863 669 quod
886 592 922 652 de
940 593 1146 653 communibus

130 683 303 762 pignoribus
331 703 391 742 non
413 685 481 758 pari
508 687 621 759 mente,
647 686 714 759 pari
740 683 944 759 impatientia,
972 682 1021 741 vel
1048 683 1144 742 siue·
1169 701 1180 742 s

131 775 252 833 cessitas
274 772 416 848 postulet,
438 774 507 848 pari
524 775 623 850 rigore
646 770 785 832 facietis?
820 772 896 831 mali
913 773 1035 830 tantum
1052 771 1146 845 patris

129 865 262 936 interest,
286 864 321 920 ut
342 864 434 920 matri
456 863 554 921 minus
577 863 674 921 liceat

198 952 275 1010 Sane
299 950 385 1009 cedat
403 951 487 1010 vobis
506 953 583 1010 circa
601 950 746 1028 regendas
765 951 967 1010 communium
987 950 1148 1028 pignorum

131 1043 245 1100 mentes
273 1058 359 1098 sexus
387 1039 546 1114 infirmior,
573 1059 626 1099 vos
649 1058 759 1113 mores,
781 1058 834 1098 vos
857 1040 939 1098 vitae
965 1057 1073 1115 genus,
1094 1057 1147 1096 ros

131 1129 322 1188 matrimonia
350 1131 519 1204 ceterosque
548 1131 631 1188 actus
663 1131 763 1188 vestre
790 1127 981 1204 persuasione
1014 1127 1183 1201 firmatim

132 1218 278 1293 numquid
301 1236 444 1294 arrogans
468 1220 657 1292 consortium,
681 1217 827 1293 numquid
848 1218 998 1292 impotens
1022 1217 1147 1276 societas

134 1310 180 1367 est
210 1307 320 1366 liberos
352 1324 522 1366 communes
554 1327 616 1366 esse
652 1303 849 1383 languentes?
898 1308 926 1364 si
957 1307 1025 1381 quis
1055 1306 1148 1364 immo

133 1397 230 1473 pudor
258 1398 315 1470 est,
344 1395 413 1454 cede
440 1415 518 1455 nuno
545 1398 611 1454 tota
640 1397 789 1470 potestate
816 1396 921 1469 metii,
946 1395 1031 1454 illius
1055 1396 1096 1454 sit
1116 1396 1149 1452 iu

135 1487 217 1563 aegri
239 1488 306 1544 toro
329 1485 443 1560 primus
466 1484 561 1558 loeus,
584 1485 657 1543 haec
680 1484 820 1543 adhibeat
842 1484 990 1557 fomenta,
1012 1485 1150 1561 porrigat

134 1576 227 1648 cibos,
255 1574 281 1632 si
305 1573 376 1648 quid
404 1574 607 1648 impatientia,
635 1575 661 1632 si
685 1572 757 1648 quid
783 1573 977 1650 flagrantium
1000 1574 1184 1632 viseerumn

133 1664 231 1741 poscit
248 1662 416 1736 infirmitas
438 1665 535 1720 mater
553 1665 649 1739 neget,
671 1664 768 1721 mater
785 1661 949 1739 indulgeat.
986 1661 1058 1722 illas
1077 1679 1150 1737 quos

133 1753 310 1812 immodicus
334 1751 422 1810 ardor
445 1751 568 1811 discutit
590 1753 699 1825 vestes,
726 1751 799 1810 haee
822 1769 912 1826 super
936 1751 1084 1828 fatigatos
1105 1769 1150 1809 re-

134 1844 228 1918 ponat
251 1843 347 1914 artus,
374 1841 429 1898 illa
452 1842 579 1899 iactatas
602 1843 667 1899 toto
692 1841 803 1899 lectulo
826 1858 931 1898 manus
955 1839 1059 1899 sedulo
1082 1858 1150 1899 eon-

136 1932 232 1989 tineat
256 1929 369 1988 affectu.

99 2020 118 2074 8
203 2018 327 2077 Frustra
360 2020 462 2093 captas
490 2017 585 2076 videri
616 2018 762 2076 ultionem
791 2035 918 2094 magnae
947 2019 1085 2077 caritatis
1113 2016 1186 2077 abso

138 2109 219 2166 omni
242 2126 329 2166 curae
351 2109 468 2166 ratione
492 2108 646 2182 sepositus.
693 2125 761 2165 oum
782 2107 863 2165 circa
885 2107 1056 2167 emotiones
1078 2107 1152 2165 libo·

135 2217 237 2255 rorum
259 2215 319 2255 non
338 2198 527 2255 consentiunt
548 2198 695 2271 parentes,
717 2197 880 2254 curationis
903 2197 949 2255 est
970 2196 1070 2273 culpa,
1092 2214 1151 2254 non

136 2286 248 2345 matris.
296 2283 390 2360 quid?
418 2285 497 2359 quod
523 2284 620 2343 filium
647 2284 755 2344 oceidit
781 2285 970 2344 innocentem
997 2287 1048 2344 oni
1075 2284 1151 2343 nihil

137 2375 264 2449 obicere,
291 2375 368 2433 nihil
389 2374 509 2450 poterat
531 2372 640 2433 irasci?
667 2373 777 2447 filiurn,
805 2375 831 2433 si
853 2374 912 2448 ipsi
934 2373 1072 2449 creditis,
1098 2391 1150 2450 pro

137 2466 230 2523 fratre
261 2465 338 2523 mori
369 2466 509 2538 paratum
540 2465 623 2522 cuius
655 2481 793 2538 suprema
824 2463 901 2520 ferre
930 2480 991 2521 non
1023 2465 1185 2538 poteratis

137 2572 261 2627 novum,
287 2552 412 2626 iudices,
441 2555 470 2610 et
497 2553 683 2629 incognitum
705 2551 792 2610 rebus
819 2551 958 2611 humanis
980 2552 1086 2611 audite
1108 2553 1151 2610 fa·

138 2644 228 2701 cinus.
274 2642 336 2699 iam
358 2641 552 2716 parricidium
575 2642 681 2716 pietas,
705 2642 814 2699 caritas
837 2643 868 2699 et
890 2641 1084 2717 impatientia
1107 2660 1152 2700 or-

138 2732 241 2789 bitatis
261 2730 403 2789 admittit.
440 2729 520 2789 malo
539 2729 649 2803 odium,
674 2728 817 2804 querelas,
840 2731 1042 2789 execrationes
1063 2749 1153 2805 quam

139 2823 174 2878 ut
197 2821 263 2895 quis
290 2818 398 2878 liberos
426 2818 534 2876 affectu
558 2837 616 2893 quo
645 2820 810 2891 servantur,
838 2817 962 2876 occidat.
1009 2818 1083 2893 quid
1109 2838 1153 2876 re-

210 3078 322 3132 nmsss
341 3088 369 3130 n
428 3077 504 3146 quoa
521 3094 596 3146 repr.
612 3086 640 3129 ιι
705 3076 766 3131 en
784 3093 834 3132 an.
849 3085 878 3128 n
939 3056 1103 3144 oportuit
1115 3084 1153 3141 ις

140 3150 266 3219 postulat
283 3160 307 3203 1
357 3148 427 3202 mali
445 3165 479 3203 cx
495 3147 601 3201 malum
618 3158 647 3201 Β
700 3147 867 3218 8rigendas
885 3156 914 3200 Ρ
965 3151 1000 3200 10
1018 3150 1157 3202 nostra?

142 3228 175 3274 11
199 3224 239 3277 bis
256 3220 406 3290 numquid:
430 3237 486 3274 non
505 3219 581 3288 quod
599 3229 625 3272 1
693 3225 727 3273 14
745 3220 826 3273 thoro
845 3227 908 3283 Bl's
981 3223 1015 3272 15
1033 3217 1153 3289 flegm-

140 3293 223 3347 tium:
243 3292 383 3362 flagitium
402 3304 422 3344 o
493 3296 525 3344 18
548 3290 614 3344 illas
631 3293 746 3359 ΗΜ
765 3291 815 3344 dcl.
835 3307 907 3344 mou.
927 3290 956 3358 3)
974 3301 997 3343 o
1065 3289 1155 3344 iactes

142 3373 174 3430 P,
193 3365 223 3416 ta
241 3381 316 3432 supr.
330 3385 351 3423 ρ
440 3367 474 3415 20
497 3361 657 3416 ultiones!
677 3361 731 3432 (vel
753 3361 891 3415 ultionem
912 3378 988 3430 supr.
1002 3364 1047 3431 n)
1118 3360 1154 3414 sb

141 3469 217 3523 omni
236 3471 379 3524 curatione
397 3460 442 3524 nie
466 3469 618 3540 sepositam
636 3468 693 3522 Bu.
783 3473 817 3521 23
841 3431 964 3537 qiitqod
982 3466 1014 3538 (d
1029 3485 1107 3539 supr.
1120 3476 1155 3535 Ι,

139 3545 239 3610 rsupr.
256 3543 285 3611 b)
298 3550 329 3594 B
399 3546 432 3596 25
451 3557 603 3613 supprema
619 3549 641 3592 v
709 3545 742 3593 26
762 3539 906 3608 cognitum
925 3547 953 3593 Ι
