2408 3840
84 171 162 225 XXII
485 169 700 224 PRAEFATIO.

151 341 287 417 Denique
311 339 391 416 quod
413 359 503 415 supra
521 340 750 399 commemoravi
774 339 811 397 ad
832 341 1032 398 recensionem
1055 358 1103 398 co-

83 429 158 488 dicis
188 434 223 487 M
252 430 344 488 libros
375 428 519 504 quosdam
553 428 702 488 adhibitos
732 447 795 488 esse
826 428 938 487 alienos
968 447 986 486 a
1016 429 1103 487 fami·

84 519 127 576 lia
151 541 179 592 a,
202 519 263 577 iam
286 518 363 576 addo
386 517 572 576 redactorem
599 536 686 576 usum
713 536 777 576 esse
801 517 878 576 libro
901 517 1035 576 familiae
1058 541 1104 598 y„

85 607 244 682 variasque
267 607 409 666 lectiones
440 625 514 683 quas
537 609 685 665 corrector
708 607 878 681 adnotavit,
906 607 1016 682 petitas
1040 626 1103 667 esse

83 716 103 757 a
126 697 225 756 codice
248 696 381 756 familiae
403 720 442 775 γῇ.

152 785 226 844 Oum
256 789 357 844 autem
385 803 433 844 eos
465 784 580 842 codices
609 784 641 841 in
671 803 763 842 manu
791 793 946 843 teneamus
977 804 1103 860 quorum

83 894 174 950 opera
194 879 284 951 atque
304 875 413 934 auxilio
432 873 548 931 familia
566 896 585 952 y
603 873 731 932 conflata
750 876 804 947 est,
822 875 866 931 nil
880 893 915 932 ex
933 874 988 932 illa
1006 875 1103 933 lucra-

83 984 151 1022 mur
185 964 223 1023 ad
255 967 349 1022 artem
380 963 514 1022 criticam
545 962 736 1022 exercendam
765 965 885 1038 praeter
918 963 1103 1022 coniecturas

83 1053 362 1128 emendationesque
386 1051 537 1128 quasdam.

151 1142 277 1201 Paululo
301 1143 406 1201 melius
430 1141 560 1199 iudicare
584 1141 655 1199 licet
673 1141 709 1199 de
733 1141 847 1202 duobus
870 1141 955 1200 libris
978 1139 1103 1199 Leiden-

84 1231 165 1289 sibus
185 1232 297 1290 saeculi
315 1231 389 1289 XIII
408 1249 491 1306 quos,
515 1248 581 1287 cum
601 1231 750 1290 artissime
768 1233 847 1290 inter
865 1249 895 1289 se
915 1231 1103 1306 cohaereant,

83 1321 187 1378 littera
211 1320 227 1378 d
251 1319 494 1397 significavimus,
518 1319 583 1378 dico
607 1318 835 1378 Perizonianum
858 1320 889 1379 in
913 1322 1018 1379 octavo
1043 1320 1104 1376 4A

83 1412 114 1467 et
135 1408 316 1468 Vossianum
338 1409 468 1468 latinum
489 1410 521 1466 in
545 1411 652 1484 quarto
679 1411 729 1467 71.

151 1498 196 1555 Ex
215 1497 322 1574 quibus
342 1499 603 1557 Perizonianus
625 1490 714 1577 4A1)
735 1489 795 1577 (H)
815 1498 887 1556 olim
905 1498 939 1554 B.
981 1496 1104 1572 Huyde·

83 1587 183 1662 coperi
206 1586 447 1647 membranaceus
467 1579 524 1667 (12
540 1597 583 1648 ><
599 1588 638 1644 21
660 1579 720 1666 cm)
744 1586 883 1644 foliorum
903 1588 942 1645 81
963 1606 1103 1645 versuum

84 1677 124 1733 41
150 1676 292 1736 litterulis
315 1677 439 1735 minutis
463 1678 493 1735 et
516 1677 700 1752 compressis,
726 1675 864 1734 dilucidis
887 1678 988 1734 tamen
1012 1680 1102 1751 atque

83 1764 231 1824 accuratis
254 1765 384 1842 scriptus
403 1767 456 1824 est.
494 1783 606 1823 errores
625 1766 705 1822 inter
724 1764 910 1823 scribendum
930 1766 1102 1824 commissos

82 1853 223 1912 librarius
246 1857 310 1930 ipse
329 1855 499 1913 emendavit
516 1872 686 1930 paucasque
709 1854 851 1912 lectiones
869 1856 969 1913 varias
992 1853 1103 1912 additis

82 1943 161 2001 notis
185 1944 197 2000 l
220 1934 292 2023 (ccl)
317 1944 364 2002 vel
388 1945 416 2002 al
444 1935 557 2024 (aliter)
581 1943 738 2018 adspersit.
778 1941 910 2001 initiales
937 1943 1102 2017 titulosque

82 2031 251 2091 rubricator
268 2034 375 2108 pinxit.
417 2035 565 2092 corrector
584 2031 715 2092 eiusdem
734 2032 843 2090 aetatis
866 2051 934 2089 mox
953 2032 990 2090 ab
1014 2051 1103 2106 opere

82 2139 136 2180 suo
160 2121 285 2195 destitit,
309 2141 376 2180 oum
398 2121 602 2196 intellexisset,
625 2121 782 2179 librarium
806 2139 865 2195 qua
888 2123 953 2179 erat
976 2120 1103 2197 diligen-

82 2210 135 2283 tia,
159 2210 216 2268 sibi
239 2212 289 2269 vix
313 2211 475 2287 quicquam
498 2210 536 2268 ad
559 2210 736 2269 mutandum
758 2209 923 2284 reliquisse.
1005 2200 1007 2209 ’

149 2299 245 2358 Multo
277 2302 375 2359 minus
406 2302 544 2359 accurate
577 2300 731 2374 multoque
761 2298 931 2362 mendosius
964 2303 1103 2357 exaratus

83 2390 129 2445 est
150 2388 353 2448 Vossianus
379 2381 452 2470 772)
476 2389 616 2447 foliorum
642 2389 703 2448 186
725 2380 784 2468 (J).
825 2388 877 2447 fol.
899 2389 1005 2447 1—98
1029 2388 1103 2466 legi-

81 2478 134 2535 tur
163 2477 315 2536 institutio
349 2480 480 2538 oratoria
511 2477 690 2547 Quintiliani
721 2478 879 2535 decurtata
910 2477 1025 2537 duobus
1055 2495 1102 2535 co-

82 2566 192 2625 lumnis
222 2585 362 2625 versuum
387 2569 428 2626 39
459 2569 579 2643 scripta.
621 2566 672 2624 fol.
698 2567 909 2625 100-186το
937 2570 1104 2642 sequuntur

81 2654 314 2715 declamationes
337 2657 409 2715 itam
434 2658 474 2715 39
499 2655 632 2715 versibus
659 2656 787 2732 scriptae
816 2675 876 2713 non
898 2659 1001 2713 tamen
1022 2655 1103 2714 foliis

83 2742 187 2803 divisis
211 2745 243 2803 in
267 2745 428 2804 columnas.
470 2745 529 2804 duo
552 2743 669 2802 librarii
687 2743 781 2802 codici
805 2763 926 2820 operam
949 2743 1103 2803 dederunt.

82 2833 160 2890 alter
190 2835 319 2892 confecit
346 2836 396 2893 fol.
419 2835 576 2893 1-129το
600 2833 651 2894 lin.
677 2834 727 2907 38,
751 2833 828 2892 alter
854 2833 978 2908 reliqua.
1020 2835 1104 2908 prior

82 2941 117 2979 ex
143 2921 269 2981 arbitrio
298 2924 431 2982 ordinem
462 2923 712 2982 declamationum
739 2922 925 2996 immutavit,
955 2923 1104 2998 posterior

81 3013 243 3088 genuinam
273 3012 449 3072 observavit.
492 3012 543 3071 sed
571 3031 637 3070 oum
667 3012 715 3070 hio
745 3031 804 3070 non
832 3012 996 3088 respexerit
1026 3031 1103 3087 quae

82 3099 134 3157 ille
153 3102 214 3158 iam
232 3100 343 3160 litteris
362 3101 565 3174 mandaverat,
588 3102 661 3160 decl.
680 3100 768 3159 XVII
789 3104 820 3160 et
837 3101 853 3158 I
871 3101 917 3160 bis
937 3103 1103 3177 descriptae

82 3192 153 3248 sunt
176 3191 284 3266 quibus
308 3195 455 3251 corrector
478 3191 608 3250 eiusdem
632 3193 739 3250 aetatis
762 3193 820 3250 ista
840 3209 929 3266 super
951 3192 1105 3251 habundat

82 3278 178 3338 altero
202 3280 268 3339 loco
300 3281 465 3358 adscripsit.
507 3280 584 3339 unde
608 3281 836 3340 declamationes
864 3282 920 3341 hoc
945 3282 1048 3340 ordine
1071 3300 1103 3340 se

156 3472 182 3535 1)
201 3468 235 3521 cf.
256 3468 427 3534 Hammer,
443 3488 469 3538 p.
487 3476 528 3534 16,
548 3467 732 3534 Dessauer,
752 3486 779 3536 p.
795 3473 836 3521 39.

141 3542 174 3603 2)
193 3539 230 3591 cf.
248 3540 420 3608 Hammer,
439 3559 468 3611 p.
486 3546 528 3607 16,
547 3540 728 3604 Dessauer,
748 3557 775 3607 p.
790 3545 832 3593 40.
