2408 3840
142 163 208 227 240
458 160 711 215 OADAVERJBVS
729 158 836 215 PASTI

143 331 227 389 dacio
258 331 396 390 civitatis.
443 349 501 406 quo
532 330 640 388 damno
668 329 778 406 probas
807 326 1038 406 tempestatem?
1076 326 1140 405 ‘quid

143 416 290 479 amisisti?
334 420 516 478 eumenum
544 421 621 478 certe
648 420 747 479 totum
772 419 857 478 venit
882 418 915 477 in
942 420 1075 495 portum,
1099 434 1141 477 nec

142 508 295 568 laborasti.
344 511 489 585 tanquam
525 508 651 567 nimium
683 510 804 567 onustae
835 526 928 568 naves
960 507 1142 579 simulaveris,

143 598 269 673 duplum
292 598 407 656 adferre
429 599 577 673 poterant,
622 616 683 657 non
705 598 815 656 vexata
841 599 1028 657 armamenta
1054 596 1143 656 turba·

143 690 247 763 tosque
274 686 358 746 funes
387 688 440 744 aut
467 687 572 745 scissos
600 686 734 745 velorum
765 687 847 745 sinus
876 687 1022 762 quarens:
1054 685 1171 747 claeeise

144 777 246 835 statim
260 776 333 834 exiit
347 779 385 849 et,
399 775 480 852 quod
493 794 634 853 magnum
647 775 781 853 integrae
795 774 914 853 signum
929 778 983 851 est,
998 775 1059 834 cito
1071 774 1145 834 rodit

210 865 303 924 Porro
330 866 492 940 tempestas
519 864 552 922 in
574 883 668 923 unum
692 862 800 942 agebat
823 863 980 943 angulum,
1008 864 1085 923 nihil
1102 880 1146 940 pc

144 957 265 1013 tuerunt
289 953 444 1030 obliquata
466 953 534 1012 vola
556 952 717 1012 deflectere.
763 972 823 1012 uon
844 955 931 1029 potes
954 954 1037 1012 ultra
1058 970 1146 1031 proca·

144 1044 325 1120 dere:,oitra
344 1043 471 1118 applica.
508 1042 603 1120 effuge
621 1044 765 1118 raptores,
783 1042 879 1121 effuge
896 1061 959 1102 non
976 1043 1146 1102 maures.

144 1134 170 1191 si
189 1132 271 1190 aliud
293 1131 359 1191 fiem'
376 1150 435 1190 non
453 1133 561 1208 potest,
585 1150 652 1190 oum
670 1132 847 1207 tempestate
866 1130 978 1207 decide,
1001 1129 1175 1208 naufiagion

143 1223 176 1279 in
195 1222 343 1281 desertum
361 1221 433 1280 litus
452 1221 583 1298 inpingo.
621 1220 694 1296 quid
712 1221 845 1280 devitata
863 1221 997 1297 procella
1019 1215 1149 1297 prodeat?

144 1310 217 1386 quid
244 1309 390 1369 subducta
419 1309 545 1368 nubibus
575 1310 664 1368 nimis
693 1307 816 1369 classis?
859 1311 892 1368 iu
918 1313 1012 1386 portu
1041 1309 1149 1369 naufra-
1192 1298 1194 1311 '

145 1398 228 1475 giam
251 1399 373 1457 fecimus
398 1401 428 1457 et
450 1400 633 1457 frumentum
656 1398 694 1457 ad
717 1417 840 1459 ancoras
862 1397 1059 1475 perdidimus.

213 1481 289 1565 ‘Ego
313 1482 405 1562 vero'‚
427 1489 535 1564 iuquit,
558 1481 670 1563 ‘attuli
693 1490 724 1546 et
746 1486 866 1563 quidam
888 1483 1036 1564 duplum?
1068 1502 1150 1548 onos

144 1577 254 1651 felices,
276 1595 449 1651 rumpamus
468 1577 626 1637 eatuuitate
643 1577 826 1652 praecordia,
848 1594 1009 1653 pascamur
1026 1579 1059 1636 iu
1076 1592 1194 1653 praee·

144 1666 269 1724 teritum
295 1668 325 1723 et
352 1666 462 1724 famem
489 1665 636 1725 cmditate
662 1683 827 1743 pensemus.
873 1665 1060 1725 tenementum
1081 1666 1150 1726 attu-

144 1754 216 1813 listi.
263 1752 357 1830 quid?
384 1755 464 1831 quod
484 1754 633 1813 medicina
654 1757 842 1815 mortuorum
864 1772 930 1814 sora
955 1753 1023 1814 est?
1069 1749 1150 1831 quid?
1192 1812 1194 1835 ἰ

146 1843 225 1918 quod
248 1861 334 1902 nemo
358 1861 450 1920 aquas
477 1843 616 1902 iufimdet
640 1844 672 1902 in
695 1841 843 1903 cinerem?
888 1841 982 1918 quid?
1011 1844 1091 1920 quod
1110 1860 1150 1901 ex·
1191 1842 1194 1883 ¹

147 1935 240 1991 tincto
264 1933 375 2008 populo
399 1935 490 1991 etiam
512 1931 697 1992 novendialis
719 1933 804 1992 tarde
823 1930 927 1992 venit?
964 1930 1059 2009 quid?
1082 1928 1150 2009 quod

145 2020 206 2079 iam
226 2041 280 2099 ego
303 2023 487 2080 frumentum
509 2041 569 2081 non
587 2019 742 2081 desidero?
778 2023 922 2100 naufrago
941 2022 1078 2082 tabulam
1094 2019 1175 2081 abs-e

145 2111 257 2184 tulisti,
284 2113 402 2170 mortuo
431 2111 563 2187 adplices
586 2129 700 2170 navem.
746 2110 871 2186 duplum
894 2113 952 2171 est:
982 2111 1104 2170 infunde
1122 2108 1150 2166 in

145 2201 280 2276 sepulcra
304 2202 334 2258 et
357 2201 500 2259 admetira
523 2201 654 2260 tumulis.
691 2199 735 2258 ibi
757 2202 826 2260 sunt
854 2200 906 2276 qui
933 2200 1149 2260 mandaverant

146 2289 218 2364 quid
251 2289 333 2347 aliud
361 2289 483 2348 effecisti
515 2289 674 2348 adferendo
705 2289 889 2348 frumentum
916 2307 1010 2365 quam
1043 2291 1078 2348 ut
1105 2302 1148 2345 noe

147 2377 226 2453 quod
250 2377 345 2436 adhuc
372 2378 508 2452 fecimuS,
535 2376 722 2455 paeniteret?
766 2397 844 2437 nuno
866 2397 913 2436 me
939 2379 1037 2456 magis
1059 2376 1149 2455 pudet

94 2464 131 2520 24
146 2485 224 2525 nunc
251 2466 332 2525 cibos
358 2485 439 2526 meos
467 2467 605 2544 obiurgo‚
634 2468 722 2544 potui
748 2468 813 2526 heri
839 2485 900 2526 non
927 2466 1096 2527 comedisse
1134 2442 1194 2547 ost

146 2555 238 2630 nefas,
262 2556 293 2613 in
316 2576 375 2632 quo
398 2574 445 2615 me
468 2556 577 2615 scelere
596 2559 777 2616 commeatus
797 2554 1018 2632 deprehendet?
1054 2555 1150 2616 siccine

148 2661 189 2666 “’
218 2696 250 2743 12
270 2690 304 2756 ef.
324 2689 418 2743 aiau.
435 2689 866 2760 auv.10h.Hieros.ae(p.44*1)
885 2688 916 2743 in
933 2692 1027 2759 poen,
1045 2692 1079 2745 ue
1092 2686 1150 2743 ue-

146 2779 217 2827 mue,
235 2761 423 2830 naufragium.

219 2889 379 3007 lfflttt-ise
402 2948 424 2991 V
507 2957 562 3008 quo
582 2941 696 2994 damno:
716 2938 792 3008 quod
811 2954 884 2992 auno
902 2948 935 2993 Μ
1030 2945 1153 3009 aquem-

147 3024 267 3079 quame
328 3011 504 3066 honustaev
566 3013 682 3082 {naves
700 3019 729 3064 Β
745 3014 774 3080 (2
792 3011 843 3064 litt.
858 3012 905 3079 er.)
979 3011 1155 3066 balaenae!

147 3083 238 3136 Genii
257 3093 284 3136 Ρ
345 3085 474 3153 8potcet
492 3092 520 3136 Β
574 3088 607 3136 10
625 3081 764 3146 decadae
819 3087 850 3135 11
869 3081 952 3136 littae
971 3091 999 3135 Ρ
1060 3079 1154 3137 11111-

146 3154 190 3207 nis
209 3164 230 3207 ι’
302 3155 332 3208 in
349 3156 462 3224 portum
479 3165 504 3207 1
588 3159 621 3207 13
641 3153 777 3208 anchoras
799 3161 833 3217 Va
918 3158 953 3206 14
971 3171 1043 3208 onua
1062 3162 1098 3221 Ι,
1115 3148 1155 3205 vel

147 3296 162 3332 o
182 3296 232 3333 noe
244 3323 249 3332 .
262 3322 267 3332 .
280 3322 285 3333 .
299 3300 331 3331 m
395 3284 428 3332 15
448 3277 645 3351 eatmssitatam
663 3287 702 3346 ης
721 3225 873 3332 amiitat}
890 3286 923 3332 Μ
990 3284 1025 3333 1e
1043 3274 1154 3333 crudeli·

146 3352 206 3404 tate
220 3359 298 3404 Belo
368 3355 401 3404 18
420 3349 501 3418 quid:
522 3348 619 3418 quiid
638 3358 666 3402 Ρ
741 3348 837 3421 quod}
854 3357 882 3402 u
958 3349 1096 3405 extincto:
1113 3364 1155 3403 ex·

145 3423 178 3474 ia
195 3439 249 3476 rao.
266 3431 294 3475 Ρ
355 3427 389 3476 20
408 3437 459 3491 ego
478 3421 539 3509 iam
554 3430 576 3473 V
633 3420 804 3475 frumentum
822 3433 904 3486 oens
956 3421 1112 3493 naufragio
1128 3427 1157 3473 Ι

139 3551 176 3602 26
195 3546 445 3620 deprehenderent
463 3559 496 3615 σς
514 3505 558 3601 {et
572 3556 593 3599 v
