<?xml version="1.0" encoding="UTF-8"?>
<!DOCTYPE html PUBLIC "-//W3C//DTD XHTML 1.0 Transitional//EN"
    "http://www.w3.org/TR/xhtml1/DTD/xhtml1-transitional.dtd">
<html xmlns="http://www.w3.org/1999/xhtml" xml:lang="en" lang="en">
 <head>
  <title>
</title>
<meta http-equiv="Content-Type" content="text/html;charset=utf-8" />
  <meta name='ocr-system' content='tesseract 3.04.00' />
  <meta name='ocr-capabilities' content='ocr_page ocr_carea ocr_par ocr_line ocrx_word'/>
</head>
<body>
  <div class='ocr_page' id='page_1' title='image "./qvintilianiqvae01quingoog_0028.png"; bbox 0 0 2408 3840; ppageno 0'>
   <div class='ocr_carea' id='block_1_1' title="bbox 471 115 1088 172">
    <p class='ocr_par' dir='ltr' id='par_1_1' title="bbox 471 115 1088 172">
     <span class='ocr_line' id='line_1_1' title="bbox 471 115 1088 172; baseline 0.003 -3"><span class='ocrx_word' id='word_1_1' title='bbox 471 115 687 170; x_wconf 82' lang='lat' dir='ltr'><strong>PRAEFATIO.</strong></span> <span class='ocrx_word' id='word_1_2' title='bbox 1011 117 1088 172; x_wconf 86' lang='lat' dir='ltr'>XXV</span> 
     </span>
    </p>
   </div>
   <div class='ocr_carea' id='block_1_2' title="bbox 65 284 1090 2950">
    <p class='ocr_par' dir='ltr' id='par_1_2' title="bbox 66 284 1090 878">
     <span class='ocr_line' id='line_1_2' title="bbox 69 284 1089 362; baseline 0.005 -20"><span class='ocrx_word' id='word_1_3' title='bbox 69 284 189 344; x_wconf 88' lang='lat' dir='ltr'>eaedem</span> <span class='ocrx_word' id='word_1_4' title='bbox 212 285 346 360; x_wconf 73' lang='lat' dir='ltr'>syllabae</span> <span class='ocrx_word' id='word_1_5' title='bbox 369 286 418 344; x_wconf 87' lang='lat' dir='ltr'>vel</span> <span class='ocrx_word' id='word_1_6' title='bbox 440 304 596 362; x_wconf 82' lang='lat' dir='ltr'>perperam</span> <span class='ocrx_word' id='word_1_7' title='bbox 618 286 746 344; x_wconf 73' lang='lat' dir='ltr'>iteratae</span> <span class='ocrx_word' id='word_1_8' title='bbox 769 287 818 345; x_wconf 88' lang='lat' dir='ltr'>vel</span> <span class='ocrx_word' id='word_1_9' title='bbox 837 305 923 346; x_wconf 90' lang='lat' dir='ltr'>voces</span> <span class='ocrx_word' id='word_1_10' title='bbox 946 286 1089 347; x_wconf 89' lang='lat' dir='ltr'>litterulis</span> 
     </span>
     <span class='ocr_line' id='line_1_3' title="bbox 70 373 1088 461; baseline 0.004 -29"><span class='ocrx_word' id='word_1_11' title='bbox 70 377 124 433; x_wconf 88' lang='lat' dir='ltr'>aut</span> <span class='ocrx_word' id='word_1_12' title='bbox 141 373 265 449; x_wconf 85' lang='lat' dir='ltr'>syllabis</span> <span class='ocrx_word' id='word_1_13' title='bbox 284 375 390 433; x_wconf 89' lang='lat' dir='ltr'>alienis</span> <span class='ocrx_word' id='word_1_14' title='bbox 410 378 514 461; x_wconf 77' lang='lat' dir='ltr'>auqtae</span> <span class='ocrx_word' id='word_1_15' title='bbox 534 375 627 433; x_wconf 87' lang='lat' dir='ltr'>etita</span> <span class='ocrx_word' id='word_1_16' title='bbox 646 375 826 450; x_wconf 76' lang='lat' dir='ltr'>depravatae</span> <span class='ocrx_word' id='word_1_17' title='bbox 847 379 924 434; x_wconf 87' lang='lat' dir='ltr'>sunt.</span> <span class='ocrx_word' id='word_1_18' title='bbox 962 376 1088 452; x_wconf 91' lang='lat' dir='ltr'>denique</span> 
     </span>
     <span class='ocr_line' id='line_1_4' title="bbox 69 463 1089 539; baseline 0.004 -18"><span class='ocrx_word' id='word_1_19' title='bbox 69 464 166 522; x_wconf 86' lang='lat' dir='ltr'>forma</span> <span class='ocrx_word' id='word_1_20' title='bbox 189 463 360 522; x_wconf 87' lang='lat' dir='ltr'>litterarum</span> <span class='ocrx_word' id='word_1_21' title='bbox 393 483 483 524; x_wconf 90' lang='lat' dir='ltr'>causa</span> <span class='ocrx_word' id='word_1_22' title='bbox 512 464 676 523; x_wconf 88' lang='lat' dir='ltr'>multorum</span> <span class='ocrx_word' id='word_1_23' title='bbox 703 483 835 522; x_wconf 90' lang='lat' dir='ltr'>errorum</span> <span class='ocrx_word' id='word_1_24' title='bbox 860 464 932 539; x_wconf 82' lang='lat' dir='ltr'>fait,</span> <span class='ocrx_word' id='word_1_25' title='bbox 961 466 1089 525; x_wconf 81' lang='lat' dir='ltr'>velutti</span> 
     </span>
     <span class='ocr_line' id='line_1_5' title="bbox 68 553 1089 628; baseline 0.004 -18"><span class='ocrx_word' id='word_1_26' title='bbox 68 553 1089 628; x_wconf 64' lang='lat' dir='ltr'>mnbnndmndnnpnnrnnnnni</span> 
     </span>
     <span class='ocr_line' id='line_1_6' title="bbox 67 635 1090 723; baseline 0.003 -24"><span class='ocrx_word' id='word_1_27' title='bbox 67 645 98 700; x_wconf 89' lang='lat' dir='ltr'>et</span> <span class='ocrx_word' id='word_1_28' title='bbox 120 643 141 716; x_wconf 82' lang='lat' dir='ltr'>t,</span> <span class='ocrx_word' id='word_1_29' title='bbox 164 644 229 701; x_wconf 86' lang='lat' dir='ltr'>eet</span> <span class='ocrx_word' id='word_1_30' title='bbox 246 635 296 723; x_wconf 66' lang='lat' dir='ltr'>fil)</span> <span class='ocrx_word' id='word_1_31' title='bbox 338 661 427 718; x_wconf 84' lang='lat' dir='ltr'>saepe</span> <span class='ocrx_word' id='word_1_32' title='bbox 449 643 643 701; x_wconf 89' lang='lat' dir='ltr'>inveniuntur</span> <span class='ocrx_word' id='word_1_33' title='bbox 661 642 796 718; x_wconf 88' lang='lat' dir='ltr'>exempla</span> <span class='ocrx_word' id='word_1_34' title='bbox 819 642 926 719; x_wconf 92' lang='lat' dir='ltr'>quibus</span> <span class='ocrx_word' id='word_1_35' title='bbox 944 644 1090 719; x_wconf 90' lang='lat' dir='ltr'>probatur</span> 
     </span>
     <span class='ocr_line' id='line_1_7' title="bbox 67 723 1089 813; baseline 0.001 -23"><span class='ocrx_word' id='word_1_36' title='bbox 67 731 224 806; x_wconf 79' lang='lat' dir='ltr'>archetypi</span> <span class='ocrx_word' id='word_1_37' title='bbox 243 750 262 790; x_wconf 93' lang='lat' dir='ltr'>a</span> <span class='ocrx_word' id='word_1_38' title='bbox 280 731 372 790; x_wconf 81' lang='lat' dir='ltr'>finisse</span> <span class='ocrx_word' id='word_1_39' title='bbox 391 723 565 813; x_wconf 57' lang='lat' dir='ltr'>apertumfl)</span> <span class='ocrx_word' id='word_1_40' title='bbox 603 731 653 790; x_wconf 89' lang='lat' dir='ltr'>sed</span> <span class='ocrx_word' id='word_1_41' title='bbox 671 733 733 791; x_wconf 93' lang='lat' dir='ltr'>iam</span> <span class='ocrx_word' id='word_1_42' title='bbox 751 731 840 790; x_wconf 90' lang='lat' dir='ltr'>finem</span> <span class='ocrx_word' id='word_1_43' title='bbox 858 732 946 791; x_wconf 90' lang='lat' dir='ltr'>huius</span> <span class='ocrx_word' id='word_1_44' title='bbox 970 753 1089 792; x_wconf 87' lang='lat' dir='ltr'>enume-</span> 
     </span>
     <span class='ocr_line' id='line_1_8' title="bbox 66 820 334 878; baseline 0 0"><span class='ocrx_word' id='word_1_45' title='bbox 66 820 195 878; x_wconf 85' lang='lat' dir='ltr'>rationis</span> <span class='ocrx_word' id='word_1_46' title='bbox 217 820 334 878; x_wconf 89' lang='lat' dir='ltr'>faciam.</span> 
     </span>
    </p>

    <p class='ocr_par' dir='ltr' id='par_1_3' title="bbox 65 909 1089 2950">
     <span class='ocr_line' id='line_1_9' title="bbox 135 909 1088 970; baseline 0.004 -4"><span class='ocrx_word' id='word_1_47' title='bbox 135 909 375 969; x_wconf 87' lang='lat' dir='ltr'>Declamationes</span> <span class='ocrx_word' id='word_1_48' title='bbox 398 913 458 968; x_wconf 93' lang='lat' dir='ltr'>tres</span> <span class='ocrx_word' id='word_1_49' title='bbox 481 911 543 969; x_wconf 90' lang='lat' dir='ltr'>scil.</span> <span class='ocrx_word' id='word_1_50' title='bbox 562 910 612 967; x_wconf 87' lang='lat' dir='ltr'>IX.</span> <span class='ocrx_word' id='word_1_51' title='bbox 633 910 669 968; x_wconf 90' lang='lat' dir='ltr'>X.</span> <span class='ocrx_word' id='word_1_52' title='bbox 688 909 764 968; x_wconf 77' lang='lat' dir='ltr'>vm</span> <span class='ocrx_word' id='word_1_53' title='bbox 789 912 851 969; x_wconf 92' lang='lat' dir='ltr'>iam</span> <span class='ocrx_word' id='word_1_54' title='bbox 874 911 986 969; x_wconf 87' lang='lat' dir='ltr'>Romae</span> <span class='ocrx_word' id='word_1_55' title='bbox 1010 930 1088 970; x_wconf 90' lang='lat' dir='ltr'>anno</span> 
     </span>
     <span class='ocr_line' id='line_1_10' title="bbox 69 995 1088 1075; baseline 0.002 -19"><span class='ocrx_word' id='word_1_56' title='bbox 69 1000 155 1056; x_wconf 85' lang='lat'>1475</span> <span class='ocrx_word' id='word_1_57' title='bbox 180 999 262 1074; x_wconf 91' lang='lat' dir='ltr'>typis</span> <span class='ocrx_word' id='word_1_58' title='bbox 281 999 440 1058; x_wconf 84' lang='lat' dir='ltr'>mandatae</span> <span class='ocrx_word' id='word_1_59' title='bbox 464 1001 534 1058; x_wconf 91' lang='lat' dir='ltr'>sunt</span> <span class='ocrx_word' id='word_1_60' title='bbox 553 1018 612 1074; x_wconf 93' lang='lat' dir='ltr'>quo</span> <span class='ocrx_word' id='word_1_61' title='bbox 635 999 760 1075; x_wconf 90' lang='lat' dir='ltr'>prodiit:</span> <span class='ocrx_word' id='word_1_62' title='bbox 790 995 841 1058; x_wconf 49' lang='grc' dir='ltr'>(Μ.</span> <span class='ocrx_word' id='word_1_63' title='bbox 860 999 948 1058; x_wconf 87' lang='lat' dir='ltr'>Fabii</span> <span class='ocrx_word' id='word_1_64' title='bbox 971 998 1088 1069; x_wconf 78' lang='lat' dir='ltr'>Quinti-</span> 
     </span>
     <span class='ocr_line' id='line_1_11' title="bbox 66 1084 1087 1165; baseline 0.003 -21"><span class='ocrx_word' id='word_1_65' title='bbox 66 1087 144 1146; x_wconf 90' lang='lat' dir='ltr'>liani</span> <span class='ocrx_word' id='word_1_66' title='bbox 171 1087 402 1147; x_wconf 75' lang='lat' dir='ltr'>declamationes</span> <span class='ocrx_word' id='word_1_67' title='bbox 433 1084 505 1147; x_wconf 88' lang='lat' dir='ltr'>tres’</span> <span class='ocrx_word' id='word_1_68' title='bbox 530 1107 657 1164; x_wconf 90' lang='lat' dir='ltr'>quarum</span> <span class='ocrx_word' id='word_1_69' title='bbox 685 1091 716 1146; x_wconf 88' lang='lat' dir='ltr'>in</span> <span class='ocrx_word' id='word_1_70' title='bbox 739 1088 798 1148; x_wconf 87' lang='lat' dir='ltr'>fine</span> <span class='ocrx_word' id='word_1_71' title='bbox 825 1089 877 1148; x_wconf 86' lang='lat' dir='ltr'>fol.</span> <span class='ocrx_word' id='word_1_72' title='bbox 899 1091 940 1146; x_wconf 82' lang='lat'>24</span> <span class='ocrx_word' id='word_1_73' title='bbox 963 1088 1087 1165; x_wconf 87' lang='lat' dir='ltr'>legitur:</span> 
     </span>
     <span class='ocr_line' id='line_1_12' title="bbox 65 1177 1089 1252; baseline 0.005 -19"><span class='ocrx_word' id='word_1_74' title='bbox 65 1178 101 1234; x_wconf 82' lang='lat' dir='ltr'>be</span> <span class='ocrx_word' id='word_1_75' title='bbox 125 1179 182 1235; x_wconf 86' lang='lat' dir='ltr'>tres</span> <span class='ocrx_word' id='word_1_76' title='bbox 205 1178 427 1237; x_wconf 76' lang='lat' dir='ltr'>declamationes</span> <span class='ocrx_word' id='word_1_77' title='bbox 453 1177 629 1252; x_wconf 71' lang='lat' dir='ltr'>Quintiliani</span> <span class='ocrx_word' id='word_1_78' title='bbox 654 1179 801 1252; x_wconf 79' lang='lat' dir='ltr'>Impresso</span> <span class='ocrx_word' id='word_1_79' title='bbox 827 1183 897 1237; x_wconf 87' lang='lat' dir='ltr'>snnt</span> <span class='ocrx_word' id='word_1_80' title='bbox 923 1179 1015 1237; x_wconf 74' lang='lat' dir='ltr'>Ranae</span> <span class='ocrx_word' id='word_1_81' title='bbox 1032 1197 1089 1252; x_wconf 78' lang='lat' dir='ltr'>per</span> 
     </span>
     <span class='ocr_line' id='line_1_13' title="bbox 66 1257 1088 1340; baseline 0.004 -17"><span class='ocrx_word' id='word_1_82' title='bbox 66 1265 249 1340; x_wconf 71' lang='lat' dir='ltr'>Magistrum</span> <span class='ocrx_word' id='word_1_83' title='bbox 277 1257 441 1326; x_wconf 78' lang='lat' dir='ltr'>Iohannem</span> <span class='ocrx_word' id='word_1_84' title='bbox 467 1266 665 1326; x_wconf 81' lang='lat' dir='ltr'>Scbnrener</span> <span class='ocrx_word' id='word_1_85' title='bbox 696 1269 731 1327; x_wconf 83' lang='lat' dir='ltr'>de</span> <span class='ocrx_word' id='word_1_86' title='bbox 757 1268 923 1339; x_wconf 76' lang='lat' dir='ltr'>Bonarda’a.</span> <span class='ocrx_word' id='word_1_87' title='bbox 969 1268 1088 1327; x_wconf 77' lang='lat' dir='ltr'>Domi-</span> 
     </span>
     <span class='ocr_line' id='line_1_14' title="bbox 65 1354 1087 1430; baseline 0.002 -16"><span class='ocrx_word' id='word_1_88' title='bbox 65 1358 140 1414; x_wconf 81' lang='lat' dir='ltr'>tins</span> <span class='ocrx_word' id='word_1_89' title='bbox 155 1354 371 1415; x_wconf 81' lang='lat' dir='ltr'>Oatdern&#39;nns</span> <span class='ocrx_word' id='word_1_90' title='bbox 385 1357 523 1416; x_wconf 78' lang='lat' dir='ltr'>Vononen.</span> <span class='ocrx_word' id='word_1_91' title='bbox 557 1357 727 1416; x_wconf 80' lang='lat' dir='ltr'>emendant.</span> <span class='ocrx_word' id='word_1_92' title='bbox 758 1357 880 1430; x_wconf 83' lang='lat' dir='ltr'>Easqne</span> <span class='ocrx_word' id='word_1_93' title='bbox 894 1358 1008 1430; x_wconf 81' lang='lat' dir='ltr'>publice</span> <span class='ocrx_word' id='word_1_94' title='bbox 1017 1375 1087 1430; x_wconf 80' lang='lat' dir='ltr'>pro-</span> 
     </span>
     <span class='ocr_line' id='line_1_15' title="bbox 65 1442 1087 1516; baseline 0 -13"><span class='ocrx_word' id='word_1_95' title='bbox 65 1445 163 1516; x_wconf 81' lang='lat' dir='ltr'>fessos</span> <span class='ocrx_word' id='word_1_96' title='bbox 177 1447 219 1503; x_wconf 72' lang='lat' dir='ltr'>ast</span> <span class='ocrx_word' id='word_1_97' title='bbox 230 1442 319 1504; x_wconf 87' lang='lat' dir='ltr'>Anno</span> <span class='ocrx_word' id='word_1_98' title='bbox 333 1445 442 1504; x_wconf 75' lang='lat' dir='ltr'>Iason</span> <span class='ocrx_word' id='word_1_99' title='bbox 455 1450 482 1504; x_wconf 90' lang='lat' dir='ltr'>et</span> <span class='ocrx_word' id='word_1_100' title='bbox 495 1464 514 1504; x_wconf 93' lang='lat' dir='ltr'>a</span> <span class='ocrx_word' id='word_1_101' title='bbox 527 1447 672 1505; x_wconf 75' lang='lat' dir='ltr'>natinate</span> <span class='ocrx_word' id='word_1_102' title='bbox 687 1446 798 1505; x_wconf 75' lang='lat' dir='ltr'>nonno</span> <span class='ocrx_word' id='word_1_103' title='bbox 811 1447 853 1504; x_wconf 83' lang='lat' dir='ltr'><em>M</em></span> <span class='ocrx_word' id='word_1_104' title='bbox 852 1445 1050 1506; x_wconf 81' lang='lat' dir='ltr'><strong><em>OOCOLXX</em></strong></span> <span class='ocrx_word' id='word_1_105' title='bbox 1055 1447 1087 1504; x_wconf 92' lang='lat' dir='ltr'>V.</span> 
     </span>
     <span class='ocr_line' id='line_1_16' title="bbox 66 1533 1087 1608; baseline 0.003 -17"><span class='ocrx_word' id='word_1_106' title='bbox 66 1535 114 1593; x_wconf 82' lang='lat' dir='ltr'>die</span> <span class='ocrx_word' id='word_1_107' title='bbox 140 1551 211 1593; x_wconf 82' lang='lat' dir='ltr'>nero</span> <span class='ocrx_word' id='word_1_108' title='bbox 238 1533 325 1593; x_wconf 84' lang='lat' dir='ltr'>Lnne</span> <span class='ocrx_word' id='word_1_109' title='bbox 347 1535 513 1608; x_wconf 78' lang='lat' dir='ltr'>pennttnna</span> <span class='ocrx_word' id='word_1_110' title='bbox 540 1535 657 1594; x_wconf 78' lang='lat' dir='ltr'>Mensis</span> <span class='ocrx_word' id='word_1_111' title='bbox 682 1534 818 1594; x_wconf 76' lang='lat' dir='ltr'>Octobris.</span> <span class='ocrx_word' id='word_1_112' title='bbox 860 1534 981 1594; x_wconf 80' lang='lat' dir='ltr'>Sedente</span> <span class='ocrx_word' id='word_1_113' title='bbox 1007 1534 1087 1594; x_wconf 78' lang='lat' dir='ltr'>Sixto</span> 
     </span>
     <span class='ocr_line' id='line_1_17' title="bbox 66 1622 1088 1700; baseline 0 -19"><span class='ocrx_word' id='word_1_114' title='bbox 66 1623 154 1696; x_wconf 77' lang='lat' dir='ltr'>Papa</span> <span class='ocrx_word' id='word_1_115' title='bbox 178 1622 300 1696; x_wconf 74' lang='lat' dir='ltr'>Quarto,</span> <span class='ocrx_word' id='word_1_116' title='bbox 325 1641 403 1682; x_wconf 88' lang='lat' dir='ltr'>anno</span> <span class='ocrx_word' id='word_1_117' title='bbox 427 1625 489 1684; x_wconf 81' lang='lat' dir='ltr'>eins</span> <span class='ocrx_word' id='word_1_118' title='bbox 512 1624 626 1698; x_wconf 75' lang='lat' dir='ltr'>anato.</span> <span class='ocrx_word' id='word_1_119' title='bbox 673 1624 765 1683; x_wconf 87' lang='lat' dir='ltr'>editio</span> <span class='ocrx_word' id='word_1_120' title='bbox 793 1625 930 1700; x_wconf 85' lang='lat' dir='ltr'>princeps</span> <span class='ocrx_word' id='word_1_121' title='bbox 954 1626 1088 1683; x_wconf 90' lang='lat' dir='ltr'>omnium</span> 
     </span>
     <span class='ocr_line' id='line_1_18' title="bbox 66 1712 1087 1792; baseline 0.004 -24"><span class='ocrx_word' id='word_1_122' title='bbox 66 1712 317 1771; x_wconf 87' lang='lat' dir='ltr'>declamationum</span> <span class='ocrx_word' id='word_1_123' title='bbox 353 1712 478 1772; x_wconf 87' lang='lat' dir='ltr'>debetur</span> <span class='ocrx_word' id='word_1_124' title='bbox 510 1712 664 1792; x_wconf 84' lang='lat' dir='ltr'>Georgia</span> <span class='ocrx_word' id='word_1_125' title='bbox 695 1713 853 1772; x_wconf 88' lang='lat' dir='ltr'>Merulae</span> <span class='ocrx_word' id='word_1_126' title='bbox 885 1713 1087 1772; x_wconf 86' lang='lat' dir='ltr'>Alexandrino</span> 
     </span>
     <span class='ocr_line' id='line_1_19' title="bbox 66 1802 1087 1877; baseline 0.003 -19"><span class='ocrx_word' id='word_1_127' title='bbox 66 1820 144 1876; x_wconf 86' lang='lat' dir='ltr'>quae</span> <span class='ocrx_word' id='word_1_128' title='bbox 174 1820 253 1860; x_wconf 90' lang='lat' dir='ltr'>anno</span> <span class='ocrx_word' id='word_1_129' title='bbox 283 1803 367 1860; x_wconf 87' lang='grc'>1481</span> <span class='ocrx_word' id='word_1_130' title='bbox 398 1803 431 1860; x_wconf 93' lang='lat' dir='ltr'>in</span> <span class='ocrx_word' id='word_1_131' title='bbox 460 1803 557 1861; x_wconf 88' lang='lat' dir='ltr'>lucem</span> <span class='ocrx_word' id='word_1_132' title='bbox 585 1804 658 1861; x_wconf 83' lang='lat' dir='ltr'>exiit</span> <span class='ocrx_word' id='word_1_133' title='bbox 687 1803 831 1862; x_wconf 88' lang='lat' dir='ltr'>Venetiae</span> <span class='ocrx_word' id='word_1_134' title='bbox 862 1802 943 1877; x_wconf 89' lang='lat' dir='ltr'>apud</span> <span class='ocrx_word' id='word_1_135' title='bbox 974 1802 1087 1861; x_wconf 86' lang='lat' dir='ltr'>Lucam</span> 
     </span>
     <span class='ocr_line' id='line_1_20' title="bbox 67 1890 1086 1967; baseline 0.006 -22"><span class='ocrx_word' id='word_1_136' title='bbox 67 1890 217 1949; x_wconf 86' lang='lat' dir='ltr'>Venatum</span> <span class='ocrx_word' id='word_1_137' title='bbox 230 1891 425 1966; x_wconf 87' lang='lat' dir='ltr'>praecedente</span> <span class='ocrx_word' id='word_1_138' title='bbox 439 1893 571 1967; x_wconf 88' lang='lat' dir='ltr'>epistula</span> <span class='ocrx_word' id='word_1_139' title='bbox 584 1891 684 1952; x_wconf 90' lang='lat' dir='ltr'>Iacobi</span> <span class='ocrx_word' id='word_1_140' title='bbox 705 1890 884 1951; x_wconf 81' lang='lat' dir='ltr'>Grassolarii</span> <span class='ocrx_word' id='word_1_141' title='bbox 899 1892 936 1949; x_wconf 90' lang='lat' dir='ltr'>ad</span> <span class='ocrx_word' id='word_1_142' title='bbox 956 1891 1086 1951; x_wconf 82' lang='lat' dir='ltr'>Christo-</span> 
     </span>
     <span class='ocr_line' id='line_1_21' title="bbox 67 1979 1088 2058; baseline 0.004 -22"><span class='ocrx_word' id='word_1_143' title='bbox 67 1979 196 2056; x_wconf 88' lang='lat' dir='ltr'>phorum</span> <span class='ocrx_word' id='word_1_144' title='bbox 226 1979 262 2038; x_wconf 90' lang='lat' dir='ltr'>de</span> <span class='ocrx_word' id='word_1_145' title='bbox 289 1979 407 2039; x_wconf 83' lang='lat' dir='ltr'>Priolis.</span> <span class='ocrx_word' id='word_1_146' title='bbox 455 1981 589 2056; x_wconf 87' lang='lat' dir='ltr'>proximo</span> <span class='ocrx_word' id='word_1_147' title='bbox 625 2000 703 2040; x_wconf 90' lang='lat' dir='ltr'>anno</span> <span class='ocrx_word' id='word_1_148' title='bbox 737 1982 811 2040; x_wconf 91' lang='lat' dir='ltr'>haec</span> <span class='ocrx_word' id='word_1_149' title='bbox 839 1981 930 2040; x_wconf 90' lang='lat' dir='ltr'>editio</span> <span class='ocrx_word' id='word_1_150' title='bbox 958 1984 1088 2058; x_wconf 90' lang='lat' dir='ltr'>repetita</span> 
     </span>
     <span class='ocr_line' id='line_1_22' title="bbox 67 2068 1087 2147; baseline 0.003 -21"><span class='ocrx_word' id='word_1_151' title='bbox 67 2070 120 2127; x_wconf 91' lang='lat' dir='ltr'>est.</span> <span class='ocrx_word' id='word_1_152' title='bbox 164 2068 267 2127; x_wconf 87' lang='lat' dir='ltr'>eodem</span> <span class='ocrx_word' id='word_1_153' title='bbox 291 2088 368 2129; x_wconf 91' lang='lat' dir='ltr'>anno</span> <span class='ocrx_word' id='word_1_154' title='bbox 392 2070 487 2128; x_wconf 88' lang='lat' dir='ltr'>altera</span> <span class='ocrx_word' id='word_1_155' title='bbox 513 2089 630 2145; x_wconf 91' lang='lat' dir='ltr'>quoque</span> <span class='ocrx_word' id='word_1_156' title='bbox 657 2072 774 2147; x_wconf 90' lang='lat' dir='ltr'>prelum</span> <span class='ocrx_word' id='word_1_157' title='bbox 797 2071 920 2146; x_wconf 90' lang='lat' dir='ltr'>reliquit</span> <span class='ocrx_word' id='word_1_158' title='bbox 943 2071 1087 2129; x_wconf 84' lang='lat' dir='ltr'>Tarvisiis</span> 
     </span>
     <span class='ocr_line' id='line_1_23' title="bbox 67 2157 1087 2238; baseline 0.003 -22"><span class='ocrx_word' id='word_1_159' title='bbox 67 2177 120 2233; x_wconf 91' lang='lat' dir='ltr'>per</span> <span class='ocrx_word' id='word_1_160' title='bbox 138 2157 354 2234; x_wconf 91' lang='lat' dir='ltr'>Dionysium</span> <span class='ocrx_word' id='word_1_161' title='bbox 368 2160 632 2231; x_wconf 86' lang='lat' dir='ltr'>Bononiensem</span> <span class='ocrx_word' id='word_1_162' title='bbox 650 2179 685 2219; x_wconf 90' lang='lat' dir='ltr'>ac</span> <span class='ocrx_word' id='word_1_163' title='bbox 703 2159 939 2238; x_wconf 88' lang='lat' dir='ltr'>Peregrinum</span> <span class='ocrx_word' id='word_1_164' title='bbox 958 2161 1021 2219; x_wconf 88' lang='lat' dir='ltr'>eius</span> <span class='ocrx_word' id='word_1_165' title='bbox 1041 2179 1087 2219; x_wconf 90' lang='lat' dir='ltr'>so·</span> 
     </span>
     <span class='ocr_line' id='line_1_24' title="bbox 66 2247 1087 2324; baseline 0.002 -20"><span class='ocrx_word' id='word_1_166' title='bbox 66 2247 146 2304; x_wconf 89' lang='lat' dir='ltr'>cium</span> <span class='ocrx_word' id='word_1_167' title='bbox 176 2266 236 2305; x_wconf 93' lang='lat' dir='ltr'>non</span> <span class='ocrx_word' id='word_1_168' title='bbox 267 2248 397 2306; x_wconf 88' lang='lat' dir='ltr'>multum</span> <span class='ocrx_word' id='word_1_169' title='bbox 427 2248 465 2307; x_wconf 90' lang='lat' dir='ltr'>ab</span> <span class='ocrx_word' id='word_1_170' title='bbox 494 2249 548 2306; x_wconf 89' lang='lat' dir='ltr'>illa</span> <span class='ocrx_word' id='word_1_171' title='bbox 572 2248 697 2307; x_wconf 90' lang='lat' dir='ltr'>diversa.</span> <span class='ocrx_word' id='word_1_172' title='bbox 744 2249 803 2307; x_wconf 91' lang='lat' dir='ltr'>iam</span> <span class='ocrx_word' id='word_1_173' title='bbox 834 2248 1001 2324; x_wconf 90' lang='lat' dir='ltr'>permultae</span> <span class='ocrx_word' id='word_1_174' title='bbox 1026 2249 1087 2307; x_wconf 90' lang='lat' dir='ltr'>edi·</span> 
     </span>
     <span class='ocr_line' id='line_1_25' title="bbox 66 2335 1086 2416; baseline 0.004 -23"><span class='ocrx_word' id='word_1_175' title='bbox 66 2337 163 2395; x_wconf 89' lang='lat' dir='ltr'>tiones</span> <span class='ocrx_word' id='word_1_176' title='bbox 186 2335 257 2395; x_wconf 90' lang='lat' dir='ltr'>illas</span> <span class='ocrx_word' id='word_1_177' title='bbox 280 2339 399 2395; x_wconf 84' lang='lat' dir='ltr'>secutae</span> <span class='ocrx_word' id='word_1_178' title='bbox 427 2340 497 2395; x_wconf 88' lang='lat' dir='ltr'>sunt</span> <span class='ocrx_word' id='word_1_179' title='bbox 521 2356 609 2412; x_wconf 81' lang='lat' dir='ltr'>qnae,</span> <span class='ocrx_word' id='word_1_180' title='bbox 640 2341 674 2397; x_wconf 89' lang='lat' dir='ltr'>ut</span> <span class='ocrx_word' id='word_1_181' title='bbox 702 2338 766 2397; x_wconf 88' lang='lat' dir='ltr'>fieri</span> <span class='ocrx_word' id='word_1_182' title='bbox 789 2339 877 2411; x_wconf 91' lang='lat' dir='ltr'>solet,</span> <span class='ocrx_word' id='word_1_183' title='bbox 908 2357 966 2413; x_wconf 94' lang='lat' dir='ltr'>quo</span> <span class='ocrx_word' id='word_1_184' title='bbox 990 2338 1086 2416; x_wconf 90' lang='lat' dir='ltr'>magis</span> 
     </span>
     <span class='ocr_line' id='line_1_26' title="bbox 67 2424 1087 2502; baseline 0.002 -20"><span class='ocrx_word' id='word_1_185' title='bbox 67 2424 253 2484; x_wconf 89' lang='lat' dir='ltr'>discederent</span> <span class='ocrx_word' id='word_1_186' title='bbox 276 2425 313 2484; x_wconf 86' lang='lat' dir='ltr'>ab</span> <span class='ocrx_word' id='word_1_187' title='bbox 331 2426 393 2485; x_wconf 91' lang='lat' dir='ltr'>illis</span> <span class='ocrx_word' id='word_1_188' title='bbox 416 2427 520 2502; x_wconf 88' lang='lat' dir='ltr'>primis</span> <span class='ocrx_word' id='word_1_189' title='bbox 544 2446 578 2486; x_wconf 89' lang='lat' dir='ltr'>eo</span> <span class='ocrx_word' id='word_1_190' title='bbox 597 2427 758 2486; x_wconf 87' lang='lat' dir='ltr'>deteriores</span> <span class='ocrx_word' id='word_1_191' title='bbox 782 2426 917 2486; x_wconf 87' lang='lat' dir='ltr'>socordia</span> <span class='ocrx_word' id='word_1_192' title='bbox 936 2427 1087 2485; x_wconf 91' lang='lat' dir='ltr'>edentium</span> 
     </span>
     <span class='ocr_line' id='line_1_27' title="bbox 66 2513 1085 2592; baseline 0.002 -21"><span class='ocrx_word' id='word_1_193' title='bbox 66 2513 187 2572; x_wconf 86' lang='lat' dir='ltr'>fiebant.</span> <span class='ocrx_word' id='word_1_194' title='bbox 230 2533 306 2590; x_wconf 90' lang='lat' dir='ltr'>quas</span> <span class='ocrx_word' id='word_1_195' title='bbox 328 2515 467 2574; x_wconf 91' lang='lat' dir='ltr'>hocloco</span> <span class='ocrx_word' id='word_1_196' title='bbox 491 2535 664 2574; x_wconf 89' lang='lat' dir='ltr'>enumerare</span> <span class='ocrx_word' id='word_1_197' title='bbox 687 2517 796 2592; x_wconf 86' lang='lat' dir='ltr'>taedet,</span> <span class='ocrx_word' id='word_1_198' title='bbox 819 2516 996 2592; x_wconf 88' lang='lat' dir='ltr'>praesertim</span> <span class='ocrx_word' id='word_1_199' title='bbox 1019 2534 1085 2574; x_wconf 92' lang='lat' dir='ltr'>cum</span> 
     </span>
     <span class='ocr_line' id='line_1_28' title="bbox 67 2597 1087 2686; baseline 0.001 -25"><span class='ocrx_word' id='word_1_200' title='bbox 67 2621 116 2661; x_wconf 88' lang='lat' dir='ltr'>eas</span> <span class='ocrx_word' id='word_1_201' title='bbox 139 2603 275 2662; x_wconf 88' lang='lat' dir='ltr'>invenias</span> <span class='ocrx_word' id='word_1_202' title='bbox 293 2605 367 2663; x_wconf 90' lang='lat' dir='ltr'>locis</span> <span class='ocrx_word' id='word_1_203' title='bbox 391 2604 542 2663; x_wconf 90' lang='lat' dir='ltr'>commode</span> <span class='ocrx_word' id='word_1_204' title='bbox 566 2597 742 2686; x_wconf 61' lang='lat' dir='ltr'>adeundisss)</span> <span class='ocrx_word' id='word_1_205' title='bbox 765 2625 857 2663; x_wconf 90' lang='lat' dir='ltr'>unam</span> <span class='ocrx_word' id='word_1_206' title='bbox 880 2604 933 2664; x_wconf 92' lang='lat' dir='ltr'>sub</span> <span class='ocrx_word' id='word_1_207' title='bbox 957 2606 1087 2680; x_wconf 89' lang='lat' dir='ltr'>speciem</span> 
     </span>
     <span class='ocr_line' id='line_1_29' title="bbox 66 2691 1086 2770; baseline 0.003 -21"><span class='ocrx_word' id='word_1_208' title='bbox 66 2691 211 2751; x_wconf 86' lang='lat' dir='ltr'>redactas.</span> <span class='ocrx_word' id='word_1_209' title='bbox 254 2712 331 2751; x_wconf 91' lang='lat' dir='ltr'>anno</span> <span class='ocrx_word' id='word_1_210' title='bbox 353 2694 437 2751; x_wconf 83' lang='lat'>1665</span> <span class='ocrx_word' id='word_1_211' title='bbox 461 2693 583 2753; x_wconf 87' lang='lat' dir='ltr'>tandem</span> <span class='ocrx_word' id='word_1_212' title='bbox 607 2698 711 2753; x_wconf 87' lang='lat' dir='ltr'>contra</span> <span class='ocrx_word' id='word_1_213' title='bbox 734 2694 978 2770; x_wconf 87' lang='lat' dir='ltr'>depravationem</span> <span class='ocrx_word' id='word_1_214' title='bbox 1001 2694 1086 2752; x_wconf 89' lang='lat' dir='ltr'>illam</span> 
     </span>
     <span class='ocr_line' id='line_1_30' title="bbox 67 2776 1086 2861; baseline 0.001 -22"><span class='ocrx_word' id='word_1_215' title='bbox 67 2785 157 2856; x_wconf 88' lang='lat' dir='ltr'>atque</span> <span class='ocrx_word' id='word_1_216' title='bbox 192 2783 412 2857; x_wconf 84' lang='lat' dir='ltr'>corruptionem</span> <span class='ocrx_word' id='word_1_217' title='bbox 443 2784 540 2859; x_wconf 89' lang='lat' dir='ltr'>magis</span> <span class='ocrx_word' id='word_1_218' title='bbox 572 2776 727 2861; x_wconf 83' lang='lat' dir='ltr'>magisque</span> <span class='ocrx_word' id='word_1_219' title='bbox 760 2786 940 2843; x_wconf 87' lang='lat' dir='ltr'>crescentem</span> <span class='ocrx_word' id='word_1_220' title='bbox 972 2782 1086 2841; x_wconf 92' lang='lat' dir='ltr'>medela</span> 
     </span>
     <span class='ocr_line' id='line_1_31' title="bbox 67 2870 1086 2950; baseline 0.001 -22"><span class='ocrx_word' id='word_1_221' title='bbox 67 2870 173 2929; x_wconf 51' lang='lat' dir='ltr'>anan*</span> <span class='ocrx_word' id='word_1_222' title='bbox 187 2872 232 2928; x_wconf 90' lang='lat' dir='ltr'>est</span> <span class='ocrx_word' id='word_1_223' title='bbox 255 2870 384 2930; x_wconf 88' lang='lat' dir='ltr'>editione</span> <span class='ocrx_word' id='word_1_224' title='bbox 403 2871 560 2932; x_wconf 87' lang='lat' dir='ltr'>Hackiana</span> <span class='ocrx_word' id='word_1_225' title='bbox 579 2872 721 2949; x_wconf 88' lang='lat' dir='ltr'>evulgata</span> <span class='ocrx_word' id='word_1_226' title='bbox 739 2872 879 2950; x_wconf 86' lang='lat' dir='ltr'>Lugduni</span> <span class='ocrx_word' id='word_1_227' title='bbox 901 2872 1086 2932; x_wconf 89' lang='lat' dir='ltr'>Batavorum</span> 
     </span>
    </p>
   </div>
   <div class='ocr_carea' id='block_1_3' title="bbox 66 3058 1094 3488">
    <p class='ocr_par' dir='ltr' id='par_1_4' title="bbox 140 3058 854 3129">
     <span class='ocr_line' id='line_1_32' title="bbox 140 3058 854 3129; baseline 0.004 -18"><span class='ocrx_word' id='word_1_228' title='bbox 140 3060 165 3127; x_wconf 93' lang='lat'>1)</span> <span class='ocrx_word' id='word_1_229' title='bbox 185 3073 277 3126; x_wconf 89' lang='lat' dir='ltr'>pauca</span> <span class='ocrx_word' id='word_1_230' title='bbox 296 3058 425 3126; x_wconf 88' lang='lat' dir='ltr'>exempla</span> <span class='ocrx_word' id='word_1_231' title='bbox 442 3060 550 3128; x_wconf 84' lang='lat' dir='ltr'>profert</span> <span class='ocrx_word' id='word_1_232' title='bbox 568 3059 750 3126; x_wconf 83' lang='lat' dir='ltr'>Dessauer,</span> <span class='ocrx_word' id='word_1_233' title='bbox 769 3078 796 3129; x_wconf 91' lang='lat' dir='ltr'>p.</span> <span class='ocrx_word' id='word_1_234' title='bbox 813 3065 854 3114; x_wconf 82' lang='lat'>92.</span> 
     </span>
    </p>

    <p class='ocr_par' dir='ltr' id='par_1_5' title="bbox 66 3129 1086 3341">
     <span class='ocr_line' id='line_1_33' title="bbox 138 3129 1086 3201; baseline 0.004 -19"><span class='ocrx_word' id='word_1_235' title='bbox 138 3133 164 3199; x_wconf 78' lang='lat'>2)</span> <span class='ocrx_word' id='word_1_236' title='bbox 185 3129 219 3182; x_wconf 90' lang='lat' dir='ltr'>cf.</span> <span class='ocrx_word' id='word_1_237' title='bbox 238 3147 266 3198; x_wconf 91' lang='lat' dir='ltr'>p.</span> <span class='ocrx_word' id='word_1_238' title='bbox 281 3135 338 3197; x_wconf 52' lang='lat' dir='ltr'>ab</span> <span class='ocrx_word' id='word_1_239' title='bbox 357 3137 438 3185; x_wconf 75' lang='lat' dir='ltr'>creant</span> <span class='ocrx_word' id='word_1_240' title='bbox 455 3148 518 3200; x_wconf 89' lang='lat' dir='ltr'>pro:</span> <span class='ocrx_word' id='word_1_241' title='bbox 538 3138 624 3199; x_wconf 80' lang='lat' dir='ltr'>nant,</span> <span class='ocrx_word' id='word_1_242' title='bbox 644 3137 686 3199; x_wconf 83' lang='grc'>31,</span> <span class='ocrx_word' id='word_1_243' title='bbox 702 3137 718 3184; x_wconf 83' lang='grc'>8</span> <span class='ocrx_word' id='word_1_244' title='bbox 733 3140 816 3201; x_wconf 79' lang='lat' dir='ltr'>pavet</span> <span class='ocrx_word' id='word_1_245' title='bbox 836 3134 897 3185; x_wconf 91' lang='lat' dir='ltr'>BV</span> <span class='ocrx_word' id='word_1_246' title='bbox 915 3149 978 3200; x_wconf 90' lang='lat' dir='ltr'>pro:</span> <span class='ocrx_word' id='word_1_247' title='bbox 999 3138 1086 3200; x_wconf 84' lang='lat' dir='ltr'>patet,</span> 
     </span>
     <span class='ocr_line' id='line_1_34' title="bbox 67 3203 1086 3272; baseline 0.001 -17"><span class='ocrx_word' id='word_1_248' title='bbox 67 3205 156 3269; x_wconf 84' lang='lat' dir='ltr'>11s‚1</span> <span class='ocrx_word' id='word_1_249' title='bbox 178 3207 324 3256; x_wconf 72' lang='lat' dir='ltr'>extraneam</span> <span class='ocrx_word' id='word_1_250' title='bbox 342 3203 403 3253; x_wconf 87' lang='lat' dir='ltr'>BV</span> <span class='ocrx_word' id='word_1_251' title='bbox 420 3219 472 3270; x_wconf 91' lang='lat' dir='ltr'>pro</span> <span class='ocrx_word' id='word_1_252' title='bbox 496 3209 655 3271; x_wconf 75' lang='lat' dir='ltr'>extrenum,</span> <span class='ocrx_word' id='word_1_253' title='bbox 675 3209 736 3268; x_wconf 79' lang='lat'><strong>214,</strong></span> <span class='ocrx_word' id='word_1_254' title='bbox 756 3209 798 3271; x_wconf 78' lang='lat'>21,</span> <span class='ocrx_word' id='word_1_255' title='bbox 818 3209 878 3269; x_wconf 80' lang='lat'>310,</span> <span class='ocrx_word' id='word_1_256' title='bbox 894 3208 909 3256; x_wconf 88' lang='lat'>9</span> <span class='ocrx_word' id='word_1_257' title='bbox 929 3209 960 3257; x_wconf 90' lang='lat' dir='ltr'>at</span> <span class='ocrx_word' id='word_1_258' title='bbox 977 3219 1027 3272; x_wconf 91' lang='lat' dir='ltr'>pro</span> <span class='ocrx_word' id='word_1_259' title='bbox 1046 3209 1086 3269; x_wconf 85' lang='lat' dir='ltr'>nt,</span> 
     </span>
     <span class='ocr_line' id='line_1_35' title="bbox 66 3273 531 3341; baseline 0.006 -15"><span class='ocrx_word' id='word_1_260' title='bbox 66 3277 126 3338; x_wconf 79' lang='grc'>309,</span> <span class='ocrx_word' id='word_1_261' title='bbox 143 3278 176 3326; x_wconf 88' lang='grc'>10</span> <span class='ocrx_word' id='word_1_262' title='bbox 195 3273 275 3327; x_wconf 79' lang='lat' dir='ltr'>illam</span> <span class='ocrx_word' id='word_1_263' title='bbox 292 3275 359 3325; x_wconf 84' lang='grc' dir='ltr'>ΒΜ</span> <span class='ocrx_word' id='word_1_264' title='bbox 376 3290 427 3341; x_wconf 91' lang='lat' dir='ltr'>pro</span> <span class='ocrx_word' id='word_1_265' title='bbox 446 3274 531 3329; x_wconf 79' lang='lat' dir='ltr'>illan.</span> 
     </span>
    </p>

    <p class='ocr_par' dir='ltr' id='par_1_6' title="bbox 66 3342 1094 3488">
     <span class='ocr_line' id='line_1_36' title="bbox 138 3342 1085 3413; baseline 0.002 -17"><span class='ocrx_word' id='word_1_266' title='bbox 138 3345 165 3412; x_wconf 78' lang='lat'>3)</span> <span class='ocrx_word' id='word_1_267' title='bbox 181 3342 215 3396; x_wconf 85' lang='lat' dir='ltr'>cf.</span> <span class='ocrx_word' id='word_1_268' title='bbox 231 3343 439 3413; x_wconf 83' lang='lat' dir='ltr'>Schweiger‚</span> <span class='ocrx_word' id='word_1_269' title='bbox 453 3344 613 3399; x_wconf 89' lang='lat' dir='ltr'>Handbuoh</span> <span class='ocrx_word' id='word_1_270' title='bbox 629 3346 678 3399; x_wconf 89' lang='lat' dir='ltr'>der</span> <span class='ocrx_word' id='word_1_271' title='bbox 692 3344 1085 3413; x_wconf 83' lang='lat' dir='ltr'>classischenBibliographie</span> 
     </span>
     <span class='ocr_line' id='line_1_37' title="bbox 66 3413 1094 3488; baseline 0.001 -21"><span class='ocrx_word' id='word_1_272' title='bbox 66 3413 120 3468; x_wconf 81' lang='lat'>112</span> <span class='ocrx_word' id='word_1_273' title='bbox 136 3417 228 3485; x_wconf 81' lang='grc'>(1834)</span> <span class='ocrx_word' id='word_1_274' title='bbox 242 3433 270 3485; x_wconf 89' lang='lat' dir='ltr'>p.</span> <span class='ocrx_word' id='word_1_275' title='bbox 286 3421 337 3470; x_wconf 81' lang='lat'>835</span> <span class='ocrx_word' id='word_1_276' title='bbox 348 3433 407 3484; x_wconf 89' lang='lat' dir='ltr'>sqq.</span> <span class='ocrx_word' id='word_1_277' title='bbox 436 3415 604 3480; x_wconf 81' lang='lat' dir='ltr'>Quintiliani</span> <span class='ocrx_word' id='word_1_278' title='bbox 624 3417 712 3470; x_wconf 87' lang='lat' dir='ltr'>editio</span> <span class='ocrx_word' id='word_1_279' title='bbox 725 3417 881 3488; x_wconf 86' lang='lat' dir='ltr'>Bipontina</span> <span class='ocrx_word' id='word_1_280' title='bbox 899 3417 954 3471; x_wconf 90' lang='lat' dir='ltr'>vol.</span> <span class='ocrx_word' id='word_1_281' title='bbox 967 3417 984 3470; x_wconf 85' lang='lat' dir='ltr'>l</span> <span class='ocrx_word' id='word_1_282' title='bbox 995 3419 1094 3487; x_wconf 39' lang='lat' dir='ltr'>titt&amp;</span> 
     </span>
    </p>
   </div>
   <div class='ocr_carea' id='block_1_4' title="bbox 66 3485 193 3555">
    <p class='ocr_par' dir='ltr' id='par_1_7' title="bbox 66 3485 193 3555">
     <span class='ocr_line' id='line_1_38' title="bbox 66 3485 193 3555; baseline -0.008 -14"><span class='ocrx_word' id='word_1_283' title='bbox 66 3504 92 3555; x_wconf 88' lang='lat' dir='ltr'>p.</span> <span class='ocrx_word' id='word_1_284' title='bbox 107 3485 193 3540; x_wconf 86' lang='lat' dir='ltr'>XXV.</span> 
     </span>
    </p>
   </div>
   <div class='ocr_carea' id='block_1_5' title="bbox 0 0 1208 3840">
    <p class='ocr_par' dir='ltr' id='par_1_8' title="bbox 0 0 1208 3840">
     <span class='ocr_line' id='line_1_39' title="bbox 0 0 1208 3840; baseline 0 0"><span class='ocrx_word' id='word_1_285' title='bbox 0 0 1208 3840; x_wconf 95' lang='lat' dir='ltr'> </span> 
     </span>
    </p>
   </div>
  </div>
 </body>
</html>
