2408 3840
133 170 198 233 262
469 192 471 197 ’
494 168 586 222 Apus
605 167 782 223 PAVPERIS

133 337 294 411 convaluit,
316 339 496 413 relinquitur
518 337 594 396 liber
616 336 789 414 parentibus
811 336 912 395 locus·
939 339 970 394 et
986 354 1024 394 ne
1044 338 1141 394 eoacti

132 429 165 484 in
188 429 347 504 angustum
374 426 536 485 multitudo
559 444 638 485 noua
664 426 753 485 turba
775 424 904 499 laboret,
933 426 1019 500 quasi
1042 424 1141 483 habita

133 515 326 575 verecundiae
357 517 473 574 ratione
505 515 585 574 cedit
615 516 742 591 populus
773 515 881 589 minor,
911 531 1141 590 suspensumque

132 604 275 680 proximis
292 607 384 664 ramis
403 624 525 664 examen
542 605 688 664 humanas
706 622 811 664 manus
829 605 974 679 expectat.¹
1006 605 1141 678 acceptas

132 713 199 752 oum
227 693 284 753 fide
312 694 384 753 colit
411 693 500 752 sodes.
548 695 577 752 et
604 711 671 752 oum
697 693 818 771 ingenia
845 691 960 767 nostra,
986 710 1065 768 quae
1091 709 1141 751 nos

132 783 245 842 scilicet
268 783 420 842 ambitiosi
441 784 537 842 nostri
560 783 765 842 aestimatores
781 781 1062 857 proxima·divinis
1085 799 1141 839 cre·

132 871 243 945 dimus,
271 871 316 930 ad·
331 871 524 948 perficiendas
547 871 719 948 disciplinas
746 871 840 930 multo
868 870 970 929 labore
992 869 1141 943 desudent

132 961 216 1019 nulla
239 979 309 1036 apes
332 961 391 1020 nisi
413 962 521 1019 artifex
543 960 683 1020 nascitur.
731 960 803 1036 quid
825 959 926 1018 credas
949 958 1033 1018 aliud
1056 978 1141 1034 quam

133 1049 250 1108 divinae
268 1051 386 1125 partem
399 1050 507 1109 mentis
525 1051 572 1109 his
587 1051 694 1109 animis
712 1046 828 1109 inesse?
860 1048 933 1124 quid
950 1049 1141 1124 praecipuum

80 1137 115 1191 17
132 1135 264 1197 referas?
308 1156 368 1196 non
391 1142 426 1196 ut
448 1142 546 1198 cetera
574 1140 717 1198 animalia
744 1158 798 1214 per
820 1139 923 1214 pastus
947 1155 1026 1215 vaga
1051 1139 1141 1196 incer·

132 1230 197 1285 tum
220 1228 314 1302 quieti
342 1229 464 1303 capiunt
487 1228 583 1286 cubile
610 1230 706 1288 noctis
734 1226 857 1285 arbitrio
885 1244 1001 1302 semper
1028 1225 1141 1284 habita·

131 1319 209 1391 tura,
232 1314 283 1376 sed
300 1319 382 1390 tutas¹
402 1316 484 1375 sedes
503 1316 669 1390 continent,
692 1315 778 1375 urbes
796 1316 892 1389 tectis,
909 1314 1000 1373 turba
1017 1315 1141 1390 populos

131 1407 296 1464 imitantur.
343 1425 401 1465 nou
430 1408 464 1463 ut
491 1405 571 1464 ferae
599 1405 746 1478 volucres,
775 1424 835 1463 non
861 1404 1027 1480 praesentis
1057 1403 1141 1461 modo

132 1494 191 1551 cibi
213 1512 370 1567 memores,
393 1496 425 1551 in
448 1494 526 1552 diem
549 1496 668 1565 vivunt,
694 1494 852 1552 duraturus
874 1492 967 1551 hiemi
987 1494 1141 1567 reponitur

131 1582 236 1658 victus,
259 1586 290 1642 et
311 1583 433 1659 repletis
456 1603 524 1642 vere
548 1582 629 1642 cellis
651 1585 735 1642 tutus
759 1600 852 1640 annus
871 1583 924 1640 cst.
956 1581 1061 1638 etiam
1079 1599 1141 1639 cum

132 1672 170 1730 ad
197 1672 343 1731 humanos
370 1691 440 1732 usus
468 1692 559 1748 opera
585 1671 730 1732 subducta
757 1673 839 1745 sunt,
868 1688 1008 1746 reparare
1037 1671 1141 1730 amissa

132 1761 322 1834 contendunt,
346 1763 376 1819 et
394 1760 479 1819 labor
497 1760 604 1820 damno
623 1761 801 1834 incenditur,
825 1761 855 1818 et
872 1777 1028 1834 nunquam
1047 1758 1141 1819 deficit

132 1851 248 1908 animus
267 1852 337 1908 ante
356 1870 445 1926 quam
464 1851 554 1908 locus
592 1847 684 1926 quid?
708 1848 786 1925 quod
809 1850 888 1906 inter
905 1848 1051 1907 animalia
1070 1867 1141 1924 quac

130 1957 190 1996 non
213 1939 305 1997 verba
327 1940 520 2016 coniungunt,
543 1957 603 1997 non
622 1938 711 1997 verba
733 1938 858 1996 rationis
881 1937 1011 1995 invicem
1029 1941 1141 2015 regunt

130 2029 233 2085 tantus
257 2030 354 2103 operis
378 2046 534 2087 consensus
558 2030 615 2100 est,
638 2030 724 2085 tanta
747 2025 942 2085 difficillimae
964 2028 1011 2084 rei
1034 2026 1141 2085 laboris

130 2114 309 2175 concordia?
354 2136 414 2173 non
436 2117 566 2175 humano
589 2117 664 2175 vitio
686 2118 718 2173 in
740 2117 890 2191 proximos
915 2133 1052 2190 quaeque
1076 2134 1141 2174 usus

130 2205 246 2263 lucrum
265 2204 355 2278 ducit,
378 2207 409 2263 in
432 2206 585 2281 publicum
604 2204 724 2278 vivitur,
748 2206 778 2263 et
795 2222 965 2263 communes
985 2221 1059 2280 opes
1078 2224 1141 2264 oon·

130 2296 274 2371 geruntur
295 2295 488 2368 in-medium,
512 2294 594 2352 nefas
619 2296 663 2352 est
686 2293 815 2352 delibare
838 2295 928 2371 gustu
951 2295 1141 2369 priusquam

100 2441 103 2447 ,
130 2384 219 2458 plena
241 2383 347 2441 horrea
366 2402 482 2442 securos
502 2383 667 2458 spondeant
687 2401 809 2442 menses·
848 2384 914 2457 quis
932 2384 1038 2442 tantus
1057 2401 1141 2459 porro

131 2472 220 2530 ardor
238 2473 335 2547 operis
354 2491 467 2553 quaeve
486 2472 652 2530 officiorum
675 2473 809 2547 partitio,
831 2473 866 2529 ut
884 2472 962 2530 aliae
980 2475 1141 2549 congerant

131 2578 229 2634 onera,
254 2561 330 2619 aliae
353 2561 510 2637 accipiant,
534 2562 611 2619 aliae
633 2559 751 2620 linant?
775 2580 851 2636 quae
875 2561 1019 2620 severitas
1043 2563 1075 2619 in
1099 2581 1141 2620 ca·

131 2648 269 2727 stiganda
300 2648 430 2708 inertia?
479 2651 575 2708 multa
607 2650 688 2709 dictu
720 2652 844 2724 visuque
877 2648 1030 2707 miranda:
1062 2669 1141 2727 prae

204 2914 218 2960 2
238 2924 307 2961 nove
326 2908 407 2961 turbe
427 2922 441 2971 β
502 2914 517 2961 ὀ
537 2925 592 2961 non
612 2907 720 2961 scilicet
737 2915 795 2972 Βσς
814 2923 864 2960 nos
883 2923 932 2960 orn.
950 2916 981 2958 ,11
1050 2914 1064 2960 1
1084 2924 1141 2977 per·

131 2978 276 3047 cipiendas
296 2993 322 3047 a,
345 2979 541 3048 perpiciendas
559 2989 584 3032 J
671 2984 687 3031 8
707 2978 768 3047 apis
790 2987 853 3042 mc
941 2977 1011 3031 nisi:
1032 2980 1093 3032 sine
1110 2988 1141 3039 Β,

131 3068 198 3104 corr.
214 3061 244 3116 c,
263 3068 319 3104 non
338 3060 370 3103 M
448 3055 463 3103 9
482 3050 657 3119 praecipium
674 3058 702 3102 13
782 3053 815 3102 10
834 3049 972 3102 incertum
990 3066 1025 3103 ex
1044 3067 1102 3103 -am
1119 3059 1141 3102 Ι

133 3127 164 3174 11
189 3121 366 3175 habitaturas
390 3124 418 3174 et
440 3122 508 3175 totis
531 3130 591 3187 131'3
615 3120 779 3174 habitatura
798 3118 846 3173 sed
865 3120 932 3173 totis
951 3120 1084 3174 noctibus
1103 3130 1141 3184 Ις

130 3193 264 3246 habitura
282 3193 331 3246 sed
349 3195 425 3246 tutas
445 3206 480 3256 co
542 3198 573 3245 12
594 3192 835 3256 turbe81'3tnra
854 3201 881 3243 P
942 3196 976 3245 13
995 3190 1056 3246 fere
1074 3214 1092 3245 α

133 3270 165 3316 16
185 3266 234 3318 ad:
254 3281 304 3319 orn.
319 3273 357 3330 133
377 3264 451 3317 inM
506 3272 669 3317 umanosB
732 3268 763 3315 17
784 3262 928 3316 defecit?
992 3268 1025 3317 19
1044 3266 1141 3334 regunt

133 3335 208 3390 ocu:
227 3339 329 3405 regant
347 3337 425 3390 Dese.
440 3353 469 3404 p.
486 3340 534 3402 933
554 3338 660 3404 negant
678 3357 700 3386 ω
755 3340 788 3387 21
807 3333 961 3402 proximos:
981 3335 1088 3403 primos
1101 3343 1140 3397 ¹3

130 3408 295 3476 propriore
358 3412 391 3459 23
411 3422 462 3459 nec
480 3407 524 3460 fas
543 3419 579 3470 sc
639 3412 673 3458 24
692 3405 741 3473 qui
755 3405 845 3471 tant't
859 3406 977 3473 (com)
995 3422 1080 3474 porro
1097 3420 1139 3458 sua

130 3478 214 3531 arbor
232 3478 326 3547 (ardor
344 3479 371 3545 o)
389 3486 418 3530 Β
488 3478 536 3545 qui
555 3487 576 3528 ι·
642 3492 725 3545 porro
743 3477 839 3530 tantus
862 3484 915 3539 rso
990 3482 1139 3546 1566136-

126 3551 192 3604 rent
208 3559 263 3605 m'
330 3554 364 3604 26
386 3548 492 3604 honera
510 3558 533 3600 v
596 3547 700 3601 liniant
718 3556 738 3599 1·
934 3556 937 3563 ·
1125 3554 1129 3563 ·
