2408 3840
118 127 157 182 vr
389 203 391 207 Α
430 148 434 153 -
476 129 733 195 ;,111111111110.

119 317 238 374 sperare
261 299 408 373 possimus
431 297 462 356 in
487 298 657 356 universum
680 300 795 357 textum
817 300 975 375 traditum,
1001 301 1137 376 quamvis

117 388 220 447 multis
248 388 321 446 locis
351 389 521 461 temporum
547 388 709 462 iniquitate
742 389 925 464 depravatus
953 391 1136 465 maculisque

117 477 291 552 inquinatus
315 461 380 552 sit,
397 494 463 534 eam
485 475 613 535 formam
635 479 787 552 praestare
816 497 875 553 qua
905 479 1136 538 declamationes

118 568 225 641 quarto
249 565 367 625 saeculo
391 567 517 643 exeunte
541 565 830 625 circumferebantur.

184 654 229 713 De
248 653 397 715 codicibus
416 654 477 712 illis
495 654 712 732 investigandis
727 658 817 731 atque
837 675 939 715 eorum
957 657 1136 716 lectionibus

117 744 300 805 excutiendis
337 745 449 818 optime
485 745 657 801 meruerimt
694 763 761 803 cum
794 743 824 803 (1.
854 745 1033 820 Hammer,
1069 749 1136 804 tum

116 832 154 892 H.
172 833 361 893 Dessauer.
408 851 443 890 ex
466 831 572 907 quibus
595 831 761 891 Hammer
784 853 860 909 quae
883 837 1048 909 invenerat,
1070 835 1135 893 bre-

116 922 194 981 viter
217 923 354 999 exposuit
375 922 408 978 in
430 920 532 979 libello
557 940 635 980 anno
661 923 745 981 1893
769 923 909 982 Monachi
932 925 1025 983 edito:
1057 919 1134 982 ‘Bei-

116 1012 201 1090 trage
234 1032 269 1069 zu
301 1012 358 1070 den
389 1009 460 1067 XIX
492 1016 646 1086 grdsseren
678 1011 942 1086 quintilianischen
976 1013 1134 1072 Deklama·

115 1095 238 1159 tionem?
285 1100 480 1159 Dessaueri
503 1098 669 1157 studiorum
702 1099 809 1175 quibus
832 1120 949 1160 summa
978 1101 1135 1180 diligentia

115 1190 163 1248 vir
184 1189 236 1248 ille
260 1189 363 1250 doctus
393 1189 503 1247 multos
532 1207 586 1263 per
613 1207 706 1247 annos
714 1182 738 1270 1)
769 1190 919 1267 incubuit,
949 1192 1063 1251 fructus
1087 1211 1135 1249 ex-

115 1278 195 1338 stitit
217 1278 350 1337 libellus:
386 1272 455 1335 ‘Die
477 1276 740 1337 handsehriftliche
765 1277 937 1358 Grundlage
965 1279 1017 1338 der
1043 1299 1135 1338 neun-

115 1367 188 1426 aehn
207 1373 363 1445 grbsseren
379 1364 778 1434 Pseudo-Quintilianischen
791 1365 1048 1428 Declamationen'
1064 1368 1135 1444 Lip-

115 1458 177 1516 siae
198 1458 293 1516 1898.
327 1458 467 1533 quicum
490 1456 522 1514 in
541 1457 710 1515 universum
736 1476 799 1516 rem
818 1456 856 1516 ad
874 1458 1050 1517 umbilicum
1068 1479 1133 1534 per-

25 1615 26 1619 ,
114 1546 245 1622 duxerit,
275 1565 330 1624 ego
359 1564 414 1622 pro
444 1544 542 1620 operis
571 1545 673 1604 indole
701 1544 833 1604 breviter
861 1549 964 1623 repeto
995 1566 1030 1605 ea
1058 1567 1134 1623 quae

113 1635 226 1713 legenti
248 1636 414 1696 necessaria
437 1635 515 1692 sunt.

182 1722 324 1783 Omnium
346 1725 493 1784 librorum
515 1725 550 1782 ut
573 1723 798 1799 antiquissimus
821 1724 866 1783 ita
889 1727 1020 1800 optimus
1044 1726 1134 1785 codex

114 1813 392 1891 Bambargensis
415 1812 447 1870 M
464 1811 507 1869 IV
529 1813 569 1870 13
590 1803 677 1893 (13)²)
702 1814 814 1872 saeculi
836 1814 863 1871 X
887 1815 1020 1874 exeuntis
1043 1834 1133 1873 mem-

113 1901 277 1961 branaceus
300 1903 414 1962 formae
438 1903 647 1976 quatemariae
670 1901 792 1961 maioris
816 1893 904 1984 (26,9
921 1914 963 1966 ><
980 1906 1053 1979 23,4
1072 1897 1133 1985 cm)

114 1991 296 2067 compositus
326 1994 371 2051 est
398 2011 434 2050 ex
462 1991 503 2048 13
528 1992 733 2066 quinionibus,
761 1991 819 2049 nisi
850 1992 930 2068 quod
957 2013 1011 2068 pro
1039 1993 1133 2052 altero

113 2082 286 2156 quaterni0,
314 2100 368 2156 pro
395 2080 486 2140 101110
514 2081 611 2139 1011110
640 2082 745 2139 exstat.
787 2101 878 2140 unum
907 2082 1014 2141 folium
1041 2083 1133 2140 inter-

113 2171 245 2244 positum
276 2172 328 2229 est.
374 2170 515 2229 foliorum
542 2170 638 2246 igitur
665 2188 805 2230 numerus
833 2174 878 2230 est
908 2173 980 2230 125.
1021 2172 1133 2250 pagina

113 2277 310 2334 unaquaeque
345 2259 464 2318 exhibet
495 2256 580 2316 binas
611 2259 764 2317 columnas
794 2261 835 2318 23
866 2260 1041 2336 plerumque
1068 2280 1131 2319 ver-

113 2365 210 2406 suum.
264 2348 355 2408 codex
384 2368 403 2407 a
432 2345 527 2406 tribus
559 2346 691 2407 librariis
721 2351 860 2408 exaratus
891 2351 949 2424 est,
979 2368 994 2407 e
1025 2348 1132 2426 quibus

187 2573 212 2638 1)
231 2570 330 2626 Hieme
356 2587 493 2627 annorum
518 2570 640 2642 menses
660 2570 776 2625 Parisiis
795 2575 921 2627 versatus
943 2575 998 2639 est,
1024 2575 1132 2627 aestate

115 2647 183 2698 1893
203 2642 233 2695 in
251 2642 407 2697 Britannia.
446 2645 580 2696 autumno
606 2642 731 2696 eiusdem
758 2644 825 2696 anni
850 2644 880 2697 in
903 2644 1016 2698 Italiam
1041 2647 1132 2699 110110-

112 2713 1132 2841 ffifflimvssffrgfflmffl41issmfftffirffitreestuffirdffiiaffi

112 2855 234 2926 benigne
252 2855 421 2925 Hcrbipolin
439 2855 597 2911 transmissi
620 2859 693 2911 sunt.
731 2874 803 2925 quas
822 2858 978 2928 inceperat,
1002 2857 1131 2912 fortunae

111 2927 263 2996 iniquitate
283 2928 320 2981 ad
338 2927 451 2984 felicem
469 2928 576 2983 exitum
599 2929 751 2996 perducere
774 2928 927 2998 impeditus
946 2932 996 2984 est.
1033 2930 1131 2983 morbo

110 2999 187 3054 enim
206 3000 295 3053 atroci
314 3015 479 3069 suppressus
498 2999 603 3054 11110110
622 3002 650 3054 01
665 2999 723 3053 suis
742 3000 893 3055 immatura
911 3004 1000 3055 morte
1019 3004 1131 3071 ereptus

112 3072 156 3124 est
175 3070 220 3125 die
236 3075 259 3124 ’1.
279 3072 383 3126 mensis
401 3071 507 3142 Aprilis
527 3070 687 3139 auni1900,
709 3071 874 3139 priusquam
893 3072 1132 3127 declamationum

111 3143 206 3196 textus
225 3142 317 3211 ipsam
335 3143 525 3198 recensionem
544 3142 644 3198 adiret.

185 3216 211 3283 9)
231 3213 266 3267 cf.
281 3213 485 3281 Enderlein,
500 3216 587 3270 codex
600 3213 815 3284 Bambergensis
825 3215 889 3269 XlX
902 3216 1022 3271 maiores
1038 3217 1131 3272 decla-

112 3284 251 3339 mationes
274 3285 305 3338 in
324 3285 403 3340 libris
421 3303 486 3340 mss.
516 3284 691 3349 Quintiliano
714 3286 871 3356 adscriptas
898 3288 1043 3343 continens
1067 3306 1131 3343 cum

110 3356 191 3410 textu
208 3355 341 3411 editionis
358 3357 512 3411 Burmanni
527 3358 715 3425 comparatus.
748 3357 908 3412 Suevofurti
926 3365 1008 3426 1870;
1031 3359 1130 3414 Ham-

110 3443 192 3494 mon,
206 3446 233 3497 p.
251 3434 297 3494 153
316 3428 497 3495 Dessauor,
513 3446 539 3497 p.
553 3433 598 3494 103
618 3427 818 3496 Loitschuh,
832 3430 957 3502 Xatalog
971 3432 1021 3484 dor
1034 3431 1131 3485 Hand-

105 3497 248 3554 schriften
268 3500 318 3553 der
336 3500 449 3571 Konigl.
469 3497 632 3553 Bibliothek
651 3517 685 3552 au
703 3500 844 3572 Bamberg
862 3503 962 3572 (1891),
982 3521 1009 3572 p.
1024 3508 1067 3558 46.
