2408 3840
345 142 578 198 eucharistae
597 141 662 198 xlv
679 149 775 199 8-10.
1006 143 1072 208 273

56 314 251 391 profuerunt3
286 315 321 371 tu
352 313 427 372 mihi
463 312 572 371 dedisti
614 312 693 388 quod
729 332 844 388 semper
875 316 1072 388 exasperaret.

57 406 205 481 perpetua
220 421 273 462 res
301 404 346 460 est
368 402 464 461 odisse
487 403 551 460 sine
577 421 674 462 causa.
721 402 827 460 ducam
850 402 921 460 licet
943 421 1072 476 uxorem,

58 495 89 552 te
107 495 210 552 tamen
229 491 327 565 odero,
349 491 382 549 in
404 493 575 568 peregrinas
593 491 793 568 expeditiones
811 493 911 566 patria
930 490 1073 566 dimittat,

58 585 89 642 tc
111 585 216 640 tamen
238 582 433 658 cogitationes
457 598 663 655 sermonesque
683 581 849 656 respicient.
887 579 959 655 quid
981 581 1072 639 inter-

61 672 105 732 est
127 669 377 747 quemadmodum
398 669 563 744 possederis
586 670 718 728 animum
744 688 856 743 meum,
884 669 1073 743 quemadmo-

60 760 134 818 dum
154 759 231 817 mihi
253 776 272 815 a
293 760 323 816 te
345 777 406 817 non
428 758 518 817 liceat
541 757 630 832 abire,
654 755 821 817 discedere?
857 758 963 832 fecisti,
985 762 1021 817 ut
1042 760 1073 816 te

60 848 172 924 ubique
194 866 363 924 persequar,
385 849 421 906 ut
442 849 515 906 meis
538 847 674 906 fortassis
692 847 829 906 manibus
851 847 1001 922 invadam,
1025 866 1074 905 ve-

59 939 114 997 lim
142 937 214 996 dare
240 955 394 995 venenum.
440 937 493 1011 qui
524 936 718 996 meretricem·
740 936 835 995 odisse
866 954 925 994 non
956 936 1073 1010 desinit,

61 1029 180 1088 amator
202 1027 254 1085 est

128 1109 213 1189 ‘seq
235 1115 351 1188 infelix,
374 1113 522 1174 misereris
545 1106 624 1172 mei.'
671 1114 743 1189 quid
765 1132 835 1192 ergo
859 1115 987 1173 sanitate
1009 1115 1074 1172 tam

60 1201 182 1283 rigida?
218 1204 365 1280 paulatim
382 1205 483 1278 potius
500 1204 618 1273 ratione
636 1221 784 1280 conpesce,
807 1204 988 1263 misceantur
1006 1222 1073 1262 con⁴

61 1295 139 1369 silia,
162 1291 316 1352 blanditiis
339 1291 450 1350 veritas
472 1294 661 1369 temperetur.
699 1293 832 1367 alioquin
850 1311 911 1351 non
931 1292 1074 1368 estquod

61 1383 176 1461 abigas,
194 1381 273 1457 quod
291 1381 429 1458 expelles.
466 1383 641 1458 exasperant
658 1381 857 1456 necessitates,
875 1381 955 1440 etin
974 1387 1074 1441 amore

59 1472 213 1532 contentio
241 1489 356 1546 semper
383 1470 525 1529 accendit.
572 1469 727 1528 adiuvabit
752 1472 783 1529 te
806 1471 925 1529 iuterim
950 1471 1074 1530 libertas

60 1563 128 1637 ipsa
151 1578 212 1635 qua
233 1560 325 1634 fruar,
353 1562 483 1635 tempus,
511 1561 633 1618 satietas
656 1562 687 1618 et
708 1560 835 1618 fortasse
858 1562 975 1618 amator
998 1560 1073 1618 alius

60 1650 224 1711 admonens
252 1649 440 1708 condicionis.
486 1648 537 1708 sed
563 1650 643 1707 inter
669 1649 783 1723 oscula,
815 1650 894 1707 inter
922 1649 1073 1726 amplexus

59 1740 283 1817 paupertatem,
306 1756 365 1796 non
387 1739 542 1813 tamquam
566 1738 740 1814 exploraris,
768 1737 820 1796 sed
842 1739 997 1812 tamquam
1019 1739 1074 1796 mi-

59 1829 201 1900 sereariS,
225 1827 338 1904 adlega.
385 1845 566 1901 quamquam
590 1826 662 1902 quid
689 1845 763 1902 opus
785 1824 863 1886 fide?
891 1828 953 1886 sine
981 1846 1074 1901 curer,

59 1920 96 1977 nt
119 1917 267 1989 desinam,
294 1917 320 1975 si
343 1917 488 1991 quantum
515 1915 667 1990 adfirmas,
693 1917 823 1974 invitum
850 1915 1017 1975 miserearis
1040 1934 1075 1974 ac

60 2006 172 2084 diligis.
219 2006 360 2063 amatoris
387 2024 480 2062 unum
506 2003 668 2063 remedium
692 2007 749 2079 est,
777 2004 879 2062 amari.
925 2006 952 2063 si
973 2006 1075 2063 temen

59 2095 259 2155 necessariam
277 2095 364 2169 putes
388 2093 632 2169 emendationem,
654 2113 745 2170 quam
767 2093 862 2152 multa
886 2095 955 2152 sunt
974 2112 1074 2152 ainan-
1145 2116 1147 2120 ⁴

58 2186 140 2244 tium
162 2182 293 2242 remedia
315 2184 391 2242 citra
413 2179 580 2240 venenum?
603 2183 732 2257 exclude,
755 2182 881 2239 dimitte.
920 2181 1074 2240 fastidium

58 2275 172 2352 posset,
196 2273 341 2348 quantum
363 2291 423 2331 non
444 2274 545 2347 posset
566 2274 718 2349 praestare
741 2272 910 2347 paupertas
956 2271 1017 2344 fac,
1040 2273 1075 2330 ut

58 2381 110 2422 me
132 2361 233 2437 potius
255 2363 320 2436 ipse
342 2361 498 2438 castigem,
521 2361 556 2418 ut
578 2360 760 2434 erubescam,
784 2362 818 2417 ut
841 2358 1001 2434 aliquando
1025 2359 1074 2418 de·

59 2469 186 2529 sparena
231 2452 258 2509 is
283 2451 403 2508 tantum
429 2451 462 2508 in
489 2469 589 2509 amore
620 2452 743 2508 sanatur
770 2449 822 2524 qui
849 2448 927 2522 quod
958 2447 1075 2523 desinit,

60 2541 123 2602 sibi
144 2538 238 2598 debet.

129 2627 228 2687 Homo
254 2628 360 2705 igitur,
388 2629 441 2704 qui
466 2629 573 2686 merito
600 2627 784 2704 indignarer,
816 2627 842 2685 si
868 2627 925 2685 hoc
955 2627 1074 2685 tantum
1089 2626 1128 2682 10

60 2719 183 2778 fecisset
200 2716 318 2791 aliquis,
340 2719 375 2775 ut
397 2716 484 2794 diligi
502 2716 673 2790 desinerem,
697 2717 809 2791 quanto
831 2716 940 2774 iustius
959 2734 1075 2791 queror,

136 2910 151 2958 1
172 2906 395 2974 exasperaretzr
413 2905 528 2958 alteram
542 2920 575 2957 ecc
588 2909 742 2957 correctura
759 2911 797 2969 Β;
817 2904 964 2970 exasperet
977 2911 1022 2968 Me

62 2976 186 3030 eodoro
209 2984 238 3042 νς
260 2975 324 3029 odio
344 2988 359 3040 s
456 2982 472 3029 4
490 2974 713 3043 respiciantur
807 2979 823 3026 5
842 2973 994 3042 possideris
1012 2982 1076 3038 Βνβ

63 3031 195 3120 'trellim
212 3055 241 3099 Β
324 3045 488 3100 8meminit
506 3054 544 3113 Β,
565 3045 669 3099 desinit
685 3062 760 3114 supr.
775 3065 807 3096 m
893 3051 924 3098 11
945 3045 1075 3113 conpesci

62 3128 115 3172 BV
184 3124 219 3171 14
237 3117 372 3171 accendid
391 3126 419 3170 Β
464 3116 622 3177 Δεᾱίιινεινίὴ
641 3139 672 3185 ας
691 3116 877 3180 adiuvabats
950 3121 983 3170 15
1002 3132 1075 3185 quae

62 3200 91 3243 Β
169 3188 302 3243 fortassee
319 3197 347 3241 Β
432 3195 465 3243 16
485 3188 667 3253 admovenss
753 3192 786 3242 18
805 3203 861 3256 qua
880 3197 1008 3256 quamv

64 3266 98 3315 le
111 3259 270 3326 miserearis
279 3268 318 3327 Β;
332 3260 472 3314 miseraris
486 3268 545 3326 VM3
559 3259 699 3313 misereris
714 3273 728 3324 ρ
773 3263 807 3312 20
822 3257 926 3327 diligas
939 3267 961 3310 V
999 3269 1075 3312 amo-

63 3331 102 3386 ris
116 3342 150 3400 P,
170 3331 219 3386 del.
235 3337 260 3386 et
272 3348 340 3387 corr.
354 3353 387 3399 μς
402 3337 467 3400 poet
480 3331 613 3384 amatoris
627 3347 680 3385 ras.
696 3334 767 3384 3-4
784 3330 834 3384 litt.
846 3338 878 3382 Μ
930 3336 962 3384 21
982 3345 1074 3383 emen-

65 3419 162 3512 caule
178 3465 208 3510 Β
287 3461 320 3510 22
339 3455 454 3510 fastidio
472 3464 553 3509 m
631 3460 664 3508 23
682 3470 778 3524 posses
794 3462 826 3506 Β
894 3455 1074 3522 quantum-

64 3530 160 3598 pcssct
177 3536 266 3583 cm
331 3543 388 3580 non
406 3536 509 3596 cmm,
527 3543 649 3596 sepum
720 3531 753 3581 ‘l'l
775 3541 811 3581 oc
830 3533 855 3579 Β

117 3627 275 3678 ermm
285 3636 487 3669 namnetem
503 3629 538 3671 ed.
552 3630 694 3674 Iiehneit
904 3623 943 3672 ld
