2408 3840
364 150 597 206 DECLAMATIO
616 151 680 205 vm
694 159 771 206 3-5.
1009 154 1073 218 149

61 318 232 378 incredibili
258 321 392 379 vanitate
422 322 552 380 variavit
583 341 750 399 magnaque
782 323 904 381 miseros
936 327 1075 399 parentes

62 407 188 486 ambage
221 408 401 484 suspendens
430 410 614 468 tutissimum
643 412 764 487 putavit
792 413 965 487 promittere
996 413 1076 489 quod

61 496 184 556 deberet
211 516 298 556 nemo
326 501 459 574 experiri.
506 517 609 558 causas
633 500 752 574 quidem
780 519 810 559 se
835 500 910 558 dixit
937 504 1076 578 ignorare

58 586 242 661 morborum,
257 587 308 646 sed
323 588 450 646 1111111111
464 588 624 664 spopondit
642 592 738 663 unius,
757 591 782 648 si
800 590 934 648 licuisset
948 591 1076 649 alterum

32 675 209 749 soccidere,
236 676 379 751 lacerare,
406 679 579 753 perspicere.
626 698 675 752 en,
704 681 752 736 cui
774 681 871 753 pietas
893 681 1002 754 patrie,
1029 682 1078 739 cui

60 764 181 823 credere
204 765 372 824 sollicitudo
395 766 543 825 debuerit:
567 766 643 824 dixit
666 785 695 825 se
720 768 793 826 scire
815 767 978 826 remedium
997 768 1076 843 quod

59 853 219 912 nesciebat.
256 855 349 913 vultis
367 856 548 933 intellegere,
571 856 692 930 iudices,
711 856 787 913 nihil
804 857 984 932 inpatientia
1001 857 1077 915 cari-

58 945 135 1001 tatis
159 942 262 1002 fecisse
285 942 422 1019 patrem?
467 964 527 1003 non
549 945 655 1003 retulit
678 945 715 1002 ad
737 949 877 1020 matrem,
901 946 1009 1005 adacta
1032 949 1077 1004 est

60 1051 79 1090 a
101 1034 199 1090 morte
222 1031 278 1090 filii
301 1034 349 1091 vel
372 1036 501 1092 sanitate
520 1033 676 1092 discedere.
722 1053 780 1093 non
803 1038 985 1111 propinquos
1009 1052 1076 1093 con-

19 1143 46 1183 11
61 1121 165 1196 saluit,
189 1140 248 1180 non
267 1122 385 1196 amicos,
407 1123 459 1181 sed
482 1141 536 1182 sua
558 1125 677 1180 tantum
699 1126 889 1198 persuasione
911 1124 1077 1199 medicique

62 1211 229 1284 contentae,
244 1211 321 1285 quod
341 1213 494 1270 nocentius
514 1214 559 1270 est
572 1230 663 1287 quam
682 1213 708 1269 si
726 1213 790 1288 ipse
809 1213 973 1288 occidisset,
988 1213 1077 1272 alter-

61 1302 164 1357 utrum
192 1301 292 1375 potuit
319 1300 434 1378 eligere.
482 1301 563 1359 dicat
589 1319 667 1359 nunc
696 1302 845 1377 parricida
874 1302 947 1377 quid
974 1303 1078 1361 fecerit

59 1388 138 1446 illud
158 1388 237 1463 quod
260 1391 351 1448 etiam
369 1389 405 1448 de
428 1389 583 1463 similibus,
606 1393 670 1448 tam
691 1391 814 1466 paribus
833 1392 929 1468 aegris
951 1392 1076 1450 1111111-

60 1498 130 1536 rum
153 1477 320 1553 desperatio
347 1479 401 1537 illa
428 1477 619 1555 praevaluit?
664 1481 690 1537 si
712 1480 819 1539 medici
846 1499 906 1539 non
930 1481 1076 1555 interfuit,

19 1570 165 1629 autrum
193 1567 352 1642 occideret,
381 1567 531 1628 constabit
557 1570 657 1627 111111
686 1571 844 1643 utrumque
871 1571 1018 1645 potuisse,
1050 1570 1076 1628 si

59 1656 211 1729 interfuit,
237 1657 385 1716 constabit
407 1675 467 1715 nou
490 1657 615 1716 eundem
637 1658 727 1716 fuisse
750 1658 931 1735 languorem.
978 1658 1076 1732 qualis

60 1745 155 1803 fuerit
180 1744 234 1803 illa
256 1748 384 1821 curatio,
408 1747 480 1820 quid
502 1765 607 1822 passus
630 1747 670 1804 sit
691 1749 807 1805 iuvenis
829 1747 862 1805 in
884 1749 992 1820 morte,
1017 1765 1076 1822 qua

59 1833 193 1893 medicus
212 1835 383 1910 parabatur,
398 1836 530 1893 omnium
549 1836 722 1909 adfectibus,
737 1837 868 1895 omnium
888 1836 1075 1913 cogitationi-

60 1923 119 1982 bus
142 1923 256 1997 liquere
280 1924 460 1983 crediderim.
500 1924 625 1999 ideoque
648 1926 796 1999 parcimus
820 1926 940 1984 auribus
963 1928 1076 1984 matris.

17 2034 46 2074 so
59 2012 192 2070 breviter
214 2015 315 2071 tamen
338 2013 446 2090 longae
468 2013 652 2072 crudelitatis
676 2014 850 2088 explicanda
873 2016 998 2072 saevitia
1021 2013 1111 2073 estb

61 2121 97 2160 ex
127 2101 262 2160 omnibus
291 2121 367 2176 quae
393 2103 531 2178 pertulit,
560 2102 742 2162 levissimum
770 2104 829 2160 fuit
857 2103 936 2177 quod
963 2104 1075 2161 occisus

62 2192 117 2249 eet.
164 2210 223 2249 non
252 2192 296 2249 est
324 2192 403 2265 quod
430 2193 549 2250 veniam
576 2193 765 2250 tristissimae
792 2193 954 2250 curationis
981 2193 1076 2266 paret,

62 2278 144 2355 quod
158 2278 276 2337 videtur
292 2281 325 2337 in
344 2281 404 2338 alio
422 2281 516 2339 fratre
535 2280 681 2356 explicata
699 2281 864 2355 promissio.
896 2299 934 2338 an
949 2281 1077 2338 alterum
1159 2285 1163 2293 “

58 2366 195 2427 medicus
214 2370 372 2444 sanaverit,
395 2371 516 2428 fortuna
530 2369 652 2444 viderit3
672 2369 751 2444 quod
769 2371 872 2446 negari
891 2389 950 2427 non
968 2371 1076 2444 potest,

18 2481 46 2521 ss
61 2458 193 2516 alterum
215 2458 346 2517 medicus
370 2458 485 2517 occidit.
528 2460 657 2533 erumpit
679 2458 734 2518 hoc
757 2459 822 2517 loco
845 2459 951 2517 mulier
973 2457 1077 2516 infelix

62 2549 94 2605 11
122 2548 188 2605 tota
214 2546 354 2606 libertate
381 2548 561 2623 proclamat:
591 2547 679 2606 redde
706 2547 793 2621 mihi,
821 2549 934 2622 inquit,
961 2548 1078 2620 marite,

59 2635 160 2693 filium
183 2655 271 2711 quem
293 2636 350 2695 tibi
372 2637 486 2713 pariter
508 2636 681 2711 medicoque
704 2638 846 2695 commisi.
882 2637 931 2695 hio
959 2638 1003 2695 est
1025 2635 1077 2694 ille

61 2727 164 2784 vester
185 2725 373 2799 insanabilis,
396 2725 493 2801 recipe
518 2745 605 2800 quem
627 2725 702 2782 mihi
725 2725 888 2799 credidisti,
915 2725 966 2783 ille
989 2727 1078 2783 mori-

135 2973 150 3020 1
170 2967 301 3020 variavit:
322 2965 424 3019 1111111
441 2968 472 3019 ia
485 2983 539 3021 ros.
555 2975 594 3032 Β;
612 2966 738 3020 vanitate
758 2966 852 3032 1111111
871 2967 991 3020 variavit
1008 2975 1029 3018 v

60 3080 77 3128 3
97 3089 181 3127 nemo
200 3072 315 3127 deberet
333 3085 348 3136 s
416 3071 532 3140 quidam
550 3082 602 3125 M
666 3053 763 3142 ignbie
781 3082 814 3126 Μ
883 3079 899 3125 4
917 3071 1078 3126 morborum

58 3162 95 3201 aa
112 3144 260 3198 verborum
279 3154 310 3197 Β
380 3144 546 3212 spospondit
563 3154 591 3196 Β
662 3149 677 3197 6
697 3144 857 3198 sollicitudo
873 3144 1002 3197 debuerit
1019 3159 1077 3196 cre·

60 3217 129 3271 dere
148 3225 174 3284 V,
192 3217 238 3270 sed
257 3221 360 3284 accep.
449 3214 719 3269 dixit—nesciebat
737 3232 787 3269 om.
803 3228 824 3268 o
906 3214 994 3284 quod:
1014 3216 1043 3266 et
1060 3224 1081 3266 V

60 3305 200 3392 specim
218 3332 245 3375 Β
301 3321 492 3376 adiscedere:
513 3321 532 3374 d
550 3323 666 3376 alterurn
684 3323 715 3374 ia
729 3339 783 3376 ras.
798 3332 826 3375 Β
877 3322 1037 3396 pprinquoe
1051 3330 1079 3372 Β

61 3401 97 3448 13
120 3394 219 3448 ctiam:
239 3397 441 3460 etP,corr.1r
505 3393 539 3446 de
558 3395 618 3446 tam
637 3392 777 3446 similibus
795 3395 851 3448 Ba.
918 3398 950 3446 19
969 3392 1080 3460 liquere.

59 3483 112 3522 om.
127 3475 163 3533 ⁸3
181 3465 339 3533 relinquere
357 3473 386 3517 P
455 3470 487 3517 21
508 3480 595 3533 quae:
614 3465 689 3532 quod
708 3473 736 3516 Β
805 3465 893 3533 quod:
914 3464 963 3533 qui
981 3473 1009 3516 Β

60 3541 96 3591 21
115 3535 197 3592 reddi
215 3545 249 3604 Β,
267 3546 368 3591 coroa
441 3541 474 3589 27
492 3535 582 3590 filium
600 3552 697 3592 meum
716 3549 735 3591 u
