2408 3840
477 179 595 235 CAEOV
596 180 614 234 S
632 180 672 234 IN
689 179 818 234 LIMINE

624 560 670 634 ΙΙ.

414 719 594 795 CAECVS
621 721 676 793 IN
703 720 887 792 LIMINE.

133 921 188 978 'Ex
211 920 347 979 incendio
371 920 475 979 domus
500 918 670 978 adulescens
693 921 808 995 patrem
837 919 951 978 extulit.
998 918 1071 978 dum
1092 939 1155 978 ma·

187 1013 265 1069 trem
291 1009 424 1084 repetiit,
453 1011 483 1066 et
509 1009 607 1084 ipsam
630 1012 660 1066 et
683 1008 783 1067 oeulos
810 1009 920 1089 ambit.
965 1006 1086 1066 induxit
1108 1008 1155 1066 illi

187 1102 274 1175 pater
309 1115 473 1157 novercam.
521 1117 596 1173 quae
631 1098 755 1157 accessit
786 1097 915 1172 quodam
950 1100 1085 1174 tempore
1117 1096 1155 1156 ad
1179 1115 1190 1157 t

188 1187 343 1261 maritum,
375 1186 451 1244 dixit
482 1189 583 1262 parari
611 1187 659 1244 illi
690 1206 837 1246 venenum
866 1184 945 1262 quod
975 1187 1092 1246 iuvenis
1124 1189 1155 1245 in

188 1278 256 1335 sinu
277 1275 409 1350 haberet,
432 1277 463 1333 et
480 1275 538 1334 sibi
560 1277 737 1352 promissam
756 1275 910 1334 dimidiam
930 1278 1047 1352 paxtem
1064 1276 1154 1334 bono·

188 1385 268 1439 rum,
295 1367 322 1423 si
348 1364 424 1422 illud
450 1365 559 1423 marito
586 1367 772 1440 porrexisset.
817 1365 945 1424 intravit
971 1364 1010 1422 ad
1035 1384 1155 1425 caecum
1196 1436 1200 1451 1

189 1456 275 1530 pater
292 1455 554 1532 interrogavitque,
574 1472 613 1511 an
630 1453 703 1512 haec
721 1473 792 1513 vera
811 1457 915 1512 essent.
951 1453 1004 1511 ille
1024 1455 1153 1532 negavit.

189 1543 349 1618 exquisivit
372 1545 402 1602 et
424 1541 539 1601 invenit
561 1542 593 1599 in
616 1545 684 1600 sinu
701 1561 854 1601 venenum.
891 1544 1091 1619 interrogavit
1109 1543 1189 1603 cuiu

188 1634 336 1708 parasset:
368 1631 419 1690 ille
446 1633 548 1690 tacuit.
584 1633 715 1691 'recessit
742 1633 828 1707 pater
856 1633 887 1689 et
917 1634 1034 1690 mutato
1065 1632 1155 1691 testa-

189 1722 289 1780 mento
312 1739 470 1780 novercam
497 1720 568 1778 fecit
589 1719 734 1779 heredem.
781 1719 883 1779 eadem
905 1722 991 1779 noete
1015 1722 1155 1797 strepitus

189 1812 221 1868 in
250 1810 336 1868 domo
364 1811 430 1868 fuit.
476 1810 602 1867 intravit
631 1809 747 1868 familia
773 1810 806 1868 in
833 1808 1003 1868 cubiculum
1035 1809 1155 1877 domini,

189 1900 305 1958 invenit
327 1898 425 1974 ipsum
448 1900 577 1957 occisum
600 1900 630 1956 et
652 1916 809 1957 novercam
835 1899 920 1957 iuxta
942 1899 1069 1958 cadaver
1091 1898 1154 1957 dor·

190 1989 295 2046 mienti
318 1987 454 2061 similem,
477 2005 596 2046 caecum
618 1989 650 2044 in
673 1986 775 2045 limine
799 1986 927 2047 cubiculi
949 1989 996 2046 sui
1019 1990 1186 2061 stantemu

190 2075 324 2154 gladium
347 2076 409 2135 eius
433 2075 487 2134 sub
511 2076 634 2151 pulvino
658 2078 852 2135 cruentatum.
895 2078 1036 2137 accusant
1058 2095 1089 2137 se
1111 2077 1153 2134 in·

191 2168 285 2224 vicem
309 2183 412 2224 caecus
437 2167 466 2223 et
489 2183 622 2224 noverca.

229 2324 359 2332 ..—-——.-.--

145 2423 275 2476 PARIES
293 2423 495 2477 Pmuavvs.
514 2412 611 2477 mcii)
629 2407 786 2477 suenni
803 2407 928 2476 uminis
947 2422 1153 2476 usamuvu
1198 2366 1200 2389 Ι

145 2496 252 2563 (utute)
268 2504 299 2547 M
349 2495 473 2564 Explicit
490 2494 583 2564 paries
597 2495 732 2564 palmat9.
752 2495 856 2564 Incipit
872 2510 938 2564 apes
953 2495 1087 2564 pauperie
1101 2497 1154 2565 (ex-

145 2566 228 2635 plicit
246 2585 273 2635 p.
288 2584 314 2634 p.
329 2567 415 2620 uiridi
433 2568 518 2621 colore
532 2568 620 2635 picta)
640 2576 667 2619 P

218 2716 233 2762 a
253 2654 382 2763 llAdldu
402 2708 629 2774 ovmuumui
645 2655 736 2763 ovet
754 2708 795 2761 nv
813 2708 940 2762 LIMINE
958 2695 1064 2764 mcii.
1079 2719 1108 2764 ιι
1137 2779 1154 2791 ..

143 2781 267 2847 primum
285 2781 383 2847 folium
398 2780 469 2834 deest
485 2781 517 2833 e‘u
535 2790 560 2847 ι’,
583 2782 725 2849 suppletur
743 2798 776 2834 eu
794 2780 850 2834 eod.
866 2780 989 2835 Seldeuei
1003 2784 1057 2848 365
1074 2781 1156 2835 Mam

147 2851 229 2904 Fabii
249 2850 416 2916 Quintiliani
442 2851 651 2905 declamatiomi
672 2851 756 2905 Liber
781 2850 794 2903 Ι
818 2850 926 2920 incipit.
955 2851 1096 2922 Arguxiitd
1117 2851 1156 2904 De

147 2919 219 2975 Ceoo
237 2922 276 2975 IN
295 2922 422 2975 LIMINE
443 2932 474 2975 M
524 2923 629 2991 Incipit
647 2922 815 2976 declamatio
836 2920 1004 2987 Quintiliani
1024 2922 1059 2977 dc
1078 2939 1156 2977 cecus

148 2999 161 3045 i
181 2992 238 3046 line
258 2995 353 3062 (utute
367 2996 456 3064 picta)
476 3004 503 3047 Ρ
563 2996 676 3048 tuite'um
695 2996 766 3049 deest
784 2995 815 3047 iu
833 3002 853 3047 s
873 2996 918 3062 (cf.
935 2996 1156 3064 praefationem).

220 3088 235 3134 3
255 3090 445 3153 urpuueeutueu
463 3085 561 3139 titteris
578 3084 735 3138 uncialibus
753 3085 885 3152 cereptum
902 3084 1009 3138 exbibet
1026 3092 1055 3137 B
1093 3083 1157 3137 dum

148 3154 278 3215 matrem:
299 3153 455 3208 dumatrcm
473 3165 501 3209 B
554 3155 692 3224 4repetit
711 3165 738 3208 P
796 3153 959 3222 6dixitque
978 3164 1035 3208 ΜΡ
1087 3153 1158 3208 Sed

149 3276 212 3313 eum
231 3276 344 3314 caecum
362 3272 389 3315 Ρ
439 3266 463 3314 49
483 3277 537 3331 que
556 3278 606 3316 oue.
621 3261 757 3317 Seldeuse‘s
816 3265 849 3314 10
867 3241 968 3315 vddum
987 3269 1016 3314 Β
1074 3261 1159 3315 inter·

149 3332 314 3400 rogavitque
333 3343 391 3386 ΡΜ
447 3338 478 3385 12
499 3334 632 3402 strepitus
651 3332 742 3386 factus
761 3332 791 3385 in
810 3333 892 3386 domo
910 3331 966 3385 fuit
983 3342 1009 3384 J
1060 3338 1094 3386 13
1114 3349 1158 3387 cu·

148 3402 245 3455 biculu
263 3412 290 3456 Β
370 3409 403 3456 14
426 3403 588 3473 invenitque
611 3414 638 3457 Ρ
709 3409 741 3457 16
766 3405 883 3458 acuennt
904 3412 933 3457 Β
1005 3408 1038 3457 17
1061 3401 1159 3457 FINIT

144 3477 386 3547 accubitui>
402 3482 546 3547 cucvsi
561 3492 689 3546 nimus
704 3501 737 3545 u
787 3492 876 3546 uere
894 3491 976 3546 Fabii
990 3491 1160 3558 emaum

132 3560 311 3619 declamatio
327 3572 399 3636 pma
419 3568 511 3638 (corr.)
532 3582 614 3622 cecus
631 3566 663 3619 in
678 3564 738 3618 use
754 3565 840 3619 utute
858 3564 932 3632 pieta
950 3573 979 3616 Ρ
