2408 3840
374 174 609 230 DECLAMATIO
628 175 666 229 XI
680 181 758 229 4-6.
1009 175 1072 239 211

60 345 171 420 aliquis
202 344 317 406 occidit.
364 345 435 420 quid
462 345 536 402 mihi
562 365 617 421 pro
643 346 699 404 hoc
725 343 862 417 redditis,
891 343 992 421 leges?
1022 345 1074 403 ubi

57 432 196 511 respiro?
218 434 271 493 ubi
293 434 398 493 claudo
421 432 571 512 gemitus?
593 433 671 493 unde
690 452 773 492 sumo
792 432 955 492 solacium?
991 434 1073 508 benc,

57 524 134 583 bene
158 523 308 598 admones,
331 523 428 582 dolor:
456 523 533 598 illos,
555 523 624 582 illos
647 523 737 581 liceat
759 523 898 580 invadere
921 525 974 597 qui
996 543 1074 582 nunc

57 613 158 690 inagis
182 614 328 687 amantur,
353 631 426 688 quos
450 612 562 671 orbitas
584 615 687 670 nostra
711 611 904 670 commendat.
942 614 984 670 sic
1002 631 1074 687 quo-

31 721 118 778 sque
143 701 421 776 circumscribimur,
448 703 506 759 nisi
529 701 655 760 totidem
678 704 760 774 sunt,
787 700 846 760 uisi
868 700 929 758 illis
952 720 1007 775 par
1030 704 1074 759 est

58 809 95 850 ac
118 791 227 850 similis
251 792 332 848 aetas
355 793 477 848 etanta
502 791 601 849 omnia
625 791 754 866 optimus
777 792 870 865 pater.
917 789 1073 864 deceperas

57 899 115 953 me,
140 881 269 953 fortuna,
288 879 453 955 deceperas,
475 880 501 938 si
518 881 593 938 mihi
611 882 674 937 tam
693 879 804 956 grande
823 877 941 938 fecisset
958 878 1072 936 facinus

57 968 149 1028 homo
174 970 225 1043 qui
250 968 358 1028 liberos
381 987 441 1027 uon
462 968 593 1027 haberet.

126 1054 225 1126 Quid?
256 1057 335 1134 quod
363 1077 398 1116 ex
424 1058 556 1116 omnium
586 1057 729 1116 scelerum
756 1057 966 1132 conparatione
996 1055 1108 1114 11111116

16 1151 103 1208 uocat
128 1145 331 1205 detestabilius
353 1146 521 1205 hominibus
546 1147 598 1222 qui
624 1147 704 1223 leges
727 1147 808 1221 ipsas
831 1145 945 1204 faciunt
967 1164 1072 1204 nocen-

56 1233 124 1295 tes?
143 1238 243 1294 vestro
261 1235 440 1294 mehercules
455 1236 573 1294 nomine
588 1234 838 1293 calumniantibus
853 1234 966 1293 debetis
985 1234 1072 1293 irasci

57 1344 187 1401 quorum
212 1325 295 1383 nefas
321 1343 381 1382 non
408 1327 507 1400 potest
534 1325 593 1383 nisi
620 1342 673 1400 per
694 1324 826 1382 iudicum
850 1324 965 1382 facinus
987 1324 1071 1399 inpo-

57 1433 136 1473 nere.
184 1417 282 1472 actum
306 1416 351 1471 est
373 1413 409 1473 de
431 1413 519 1472 rebus
542 1413 694 1488 humanis,
717 1414 744 1472 si
766 1413 802 1471 de
825 1413 997 1472 criminibus
1019 1431 1071 1472 no·

57 1504 128 1563 stris
150 1503 326 1561 tantundem
348 1503 509 1561 mendaciis
536 1503 619 1578 licet,
646 1521 700 1560 nec
727 1503 807 1560 ullus
834 1503 975 1560 innocens
1002 1502 1071 1561 huc·

22 1610 45 1651 u
58 1611 152 1668 usque
175 1591 246 1650 felix
270 1594 328 1666 est,
354 1594 389 1650 ut
416 1592 589 1668 diligentiae
612 1591 788 1668 fingentium
811 1611 866 1667 par
888 1592 935 1650 sit.
982 1611 1071 1667 quen-

59 1699 188 1756 quamue
210 1681 383 1739 mortalium
405 1681 486 1739 inre
506 1701 596 1756 quam
617 1680 745 1755 finxerit,
769 1699 858 1755 quam
877 1683 1071 1756 conposuerit,

57 1771 192 1828 invenire
210 1769 325 1844 aliquid
344 1769 423 1844 quod
440 1771 539 1845 potest
557 1769 762 1846 probationem
785 1789 890 1828 vocare
909 1772 939 1828 et
957 1769 1071 1828 facinus

59 1859 206 1935 explicare
233 1858 379 1916 facilitate
406 1856 584 1917 verborum?
628 1859 724 1936 magis
752 1859 849 1917 oderis
876 1859 1070 1933 mendacium,

59 1967 125 2006 cum
153 1948 249 2006 simile
276 1967 346 2006 vero
374 1951 426 2006 θεῖ.
474 1949 609 2023 quotiens
641 1947 833 2005 manifestum
865 1951 910 2006 est
942 1948 1071 2022 aliquem

25 2038 169 2112 ”perisse
192 2038 255 2094 sine
279 2055 376 2111 causa,
400 2036 649 2096 calumniantibus
671 2037 760 2095 irasci
781 2036 897 2110 debeas,
920 2039 954 2094 ut
976 2038 1071 2112 possis

59 2126 118 2184 illis
141 2127 292 2203 ignoscere
316 2125 368 2199 qui
391 2125 584 2184 crediderunt.

146 2213 265 2272 Adicite
300 2215 369 2273 huic
406 2215 584 2273 execrationi
617 2215 696 2289 quod
733 2214 931 2272 calumniatus
964 2217 1008 2272 est
1039 2215 1071 2271 in

57 2301 145 2378 bello,
164 2303 244 2378 quod
262 2303 298 2362 de
315 2303 491 2379 proditione,
516 2304 595 2379 quod
614 2304 650 2362 de
671 2304 753 2371 duce,
778 2302 858 2377 quod
879 2303 1070 2362 haecomnia

57 2393 130 2451 fecit
152 2393 298 2451 inimicus.

24 2496 45 2540 a
123 2481 192 2540 Non
216 2481 357 2557 estquod
380 2500 410 2540 se
434 2480 553 2556 publico
576 2483 697 2539 tueatur
715 2500 811 2538 errore
829 2500 883 2539 nec
901 2481 933 2538 in
952 2498 1069 2539 excusa-

55 2570 168 2629 tionem
201 2569 328 2644 adt'erat,
359 2573 515 2644 tamquam
544 2570 701 2629 crediderit
731 2573 760 2628 et
789 2571 852 2645 ipse
882 2569 1069 2647 fingentibus.

56 2677 142 2718 nemo
161 2660 204 2718 sic
222 2657 376 2735 decipitur,
399 2661 434 2716 ut
452 2658 488 2717 de
510 2659 631 2717 inimico
656 2677 708 2717 suo
726 2658 898 2717 mentiatur.
937 2653 1070 2744 ‘rumor’

127 2869 143 2916 2
162 2863 234 2916 bene
252 2865 439 2932 recorporare
457 2872 488 2915 Μ
558 2869 573 2916 3
594 2879 735 2916 ammones
758 2873 779 2915 V
843 2863 907 2917 illos
925 2865 1005 2918 semet
1018 2881 1068 2933 po-

52 2974 111 3026 ruit
126 2979 157 3022 Μ
210 2975 225 3023 5
246 2969 482 3025 circumscribitur
495 2979 533 3037 B,
553 2969 826 3034 circonscribimmc
880 2977 895 3025 6
915 2933 1071 3025 1111111111

54 3047 69 3095 7
88 3042 169 3112 tam}
187 3050 215 3093 Ρ
267 3046 300 3094 10
320 3040 529 3097 destestabilius
548 3051 586 3109 113
606 3041 770 3095 detestalius
789 3052 827 3107 M,
845 3041 876 3095 bi
894 3060 969 3111 supr.
984 3064 1016 3094 m

54 3120 86 3167 11
107 3113 367 3182 calumpniantibus
385 3123 418 3178 Vc
497 3118 529 3166 12
548 3113 682 3195 uiditiurn
696 3123 734 3210 '1⁷3’
753 3113 879 3166 iudicum
892 3131 944 3183 per
961 3131 1016 3168 ras.
1036 3130 1070 3167 ex

52 3236 191 3291 iudicium
215 3247 253 3304 P,
276 3237 454 3291 iudicium&
539 3244 572 3292 13
595 3185 723 3305 &pipp
754 3247 776 3290 V
853 3242 886 3290 15
905 3238 1069 3308 figmentum

56 3319 77 3362 V
137 3325 190 3378 par
208 3309 258 3386 ait:
278 3308 381 3378 sparsit
395 3317 428 3362 M
511 3316 543 3364 16
562 3310 709 3363 finoxerint
726 3318 765 3376 B,
784 3309 876 3362 fixerit
892 3319 922 3376 V;
941 3309 1069 3380 finxerigt

51 3418 81 3485 (n
100 3417 196 3486 erl!
266 3420 298 3469 17
317 3380 406 3470 111νὲ11
425 3425 462 3482 113
482 3433 538 3471 uon
556 3415 680 3469 invenire
700 3419 755 3472 Bo.
830 3422 862 3470 18
882 3415 1017 3470 odorisn

52 3492 87 3541 19
106 3503 159 3542 con
178 3496 206 3540 Ρ
262 3492 296 3541 20
314 3487 407 3556 pariae
424 3495 453 3540 Ι
510 3493 543 3540 22
563 3488 755 3561 execrationi}
772 3490 796 3562 ts
815 3496 864 3551 cra
886 3497 914 3542 11
966 3492 1007 3541 ‘ab
1022 3503 1080 3556 pu·

50 3558 128 3614 blico
144 3566 206 3612 rm
221 3557 274 3628 (vel
293 3575 309 3612 o
325 3575 399 3628 apr.
413 3561 456 3629 m)
530 3566 563 3616 2⁷
583 3563 767 3640 menciattur
787 3557 823 3620 Β

881 3655 938 3711 lb*
