2408 3840
386 148 620 204 ononnnsno
639 149 771 205 11e-1r
1046 152 1087 219 19

75 319 142 394 pori
168 317 392 378 accommodata
418 319 557 396 lugubria
584 319 720 377 flammeo
747 321 913 378 revertente
942 320 1087 380 mutabis:

76 407 177 467 ethic
199 427 270 466 vero
293 407 408 468 iuvenis
433 409 493 483 qui,
516 407 542 467 si
564 408 702 467 fortunae
724 426 794 466 suae
813 408 894 466 mala
913 428 979 468 cum
1001 429 1087 485 prae-

75 497 170 556 teritis
190 499 340 572 conparet,
363 515 466 556 caecus
486 498 583 573 coepit
602 515 663 556 esse
682 515 761 556 nunc
779 497 916 573 primum,
937 498 1008 573 quid
1025 519 1085 558 non

72 580 163 644 miser
190 587 223 643 in
250 585 306 644 hoe
333 604 401 644 sene
428 584 579 662 perdidit?
609 586 730 646 vivebat
762 586 808 643 illi
839 605 948 663 magna
979 589 1087 663 pietas,

46 674 213 749 sederant,
237 675 430 750 quodcunque
452 677 592 749 iusserat,
615 675 651 733 de
673 674 749 734 facie
777 675 871 751 patris
895 676 981 734 oculi.
1025 696 1087 736 non

71 763 208 822 inludere
236 763 402 822 infelicibus
429 763 559 823 tenebris
588 767 774 823 contumaces
801 765 912 822 servuli
938 767 1086 840 poterant,

71 871 127 912 nec
149 885 195 893 —
218 853 296 928 quod
327 854 492 912 extremum
522 854 769 912 contumeliarum
795 871 888 930 genus
919 855 964 912 est
989 885 1026 894 —
1052 863 1088 912 ut

71 941 230 1001 dominum
247 945 357 1019 ageret,
374 942 530 1019 rogabant.
566 961 645 1000 nuno
664 945 784 1017 quanta,
807 941 838 998 di
855 941 935 1020 boni,
956 941 1087 1001 ludibria

72 1033 145 1090 sunt
174 1028 324 1089 ineunda?
368 1030 489 1090 iunxere
521 1050 552 1090 se
581 1031 694 1106 pariter
726 1031 853 1090 caecitas
886 1032 916 1089 et
947 1031 1085 1091 solitudo.

32 1142 58 1184 ιο
72 1119 147 1196 quid
174 1118 232 1178 tibi
258 1138 349 1195 nunc,
380 1120 544 1180 miserrime
572 1119 756 1195 adulescens,
787 1119 937 1179 hereditas
965 1120 1087 1196 prodest

72 1228 164 1284 quam
187 1211 305 1267 tantum
329 1209 426 1284 audis3
454 1208 526 1285 quid
549 1210 628 1268 enim
656 1209 733 1268 circa
755 1211 786 1267 te
812 1210 939 1284 pecunia
965 1207 1086 1285 potest?

72 1317 150 1373 quae
177 1298 295 1356 fruendi
317 1296 509 1375 voluptates?
537 1298 609 1373 quid
632 1297 714 1357 aliud
738 1316 828 1373 quam
854 1299 1018 1372 spoliorum
1040 1299 1085 1357 fa·

71 1387 138 1446 cilis
162 1385 298 1445 occasio?
334 1387 521 1462 quambene
544 1389 603 1446 ista
626 1387 725 1446 omnia
747 1387 866 1462 paterni
885 1387 963 1446 oculi
985 1390 1084 1446 custo-

71 1473 217 1535 diebant?
241 1495 332 1551 quam
355 1477 442 1535 facile
466 1476 571 1552 decipi,
595 1495 685 1551 quam
707 1475 795 1535 facile
819 1475 970 1549 denudari,
994 1495 1085 1551 quam

31 1584 56 1627 1⁵
71 1566 136 1624 sine
159 1564 261 1624 labore
283 1564 349 1623 falli
371 1563 477 1641 potes?
501 1567 667 1641 quamcito
690 1565 777 1640 inops
799 1561 883 1622 fieri?
919 1567 1013 1623 morte
1032 1585 1085 1641 pa-

69 1655 126 1714 tn's
156 1653 349 1713 exheredatus
377 1673 416 1715 es.
462 1653 536 1730 quid
562 1673 640 1713 nunc
667 1653 738 1727 tibi,
766 1653 824 1712 nisi
850 1657 1012 1730 perpetuus
1039 1656 1084 1712 in-

69 1744 166 1802 minet
197 1762 313 1803 maeror
340 1745 371 1802 et
397 1745 544 1803 execratio
571 1740 672 1802 vitae?
717 1743 806 1801 miser
832 1744 902 1818 post
933 1744 1032 1801 omnia
1054 1746 1085 1802 et

69 1832 210 1891 lacrimas
238 1831 380 1908 perdidit,
411 1851 465 1891 nec
492 1832 642 1891 dolentem
670 1832 815 1891 adiuvant
847 1832 932 1890 oculi.
977 1833 1084 1908 incipit

70 1921 153 1998 apud
176 1924 207 1979 te
231 1920 347 1998 gladius
370 1921 478 1980 habere
502 1921 581 1996 quod
604 1923 683 1998 agat.
729 1923 854 1996 quaerit,
878 1938 943 1979 eece
968 1924 1085 1997 quaerit

28 2032 56 2072 ro
69 2011 161 2069 miser
184 2010 304 2068 ferrum.
343 2004 453 2086 ‘nunc’,
475 2011 583 2090 inquit,
608 2005 676 2068 ‘huc
693 2010 808 2069 reddite
826 2009 912 2084 illud,
934 2011 1083 2084 innocens

69 2099 164 2159 donec
191 2097 298 2157 habuit
323 2117 405 2158 meas
437 2118 543 2159 manus
565 2100 692 2157 tantum.
738 2100 764 2157 si
786 2098 862 2158 mori
889 2118 1006 2158 necesse
1030 2103 1083 2174 est,

69 2188 116 2246 illi
144 2188 333 2263 potissimum
360 2187 537 2246 incumbam.
583 2188 639 2246 hoe
665 2188 719 2246 illa
741 2187 802 2245 iam
830 2187 901 2247 olim
927 2187 1025 2263 gravis
1054 2191 1084 2246 et

67 2277 175 2336 infelix
199 2278 298 2335 anima
321 2276 508 2352 querebatur.
554 2277 606 2334 ubi
627 2296 706 2336 nunc
728 2294 811 2334 meae
834 2273 932 2334 vires?
954 2275 1006 2333 ubi
1027 2278 1083 2334 im-

67 2363 180 2442 petus?
201 2365 253 2423 ubi
276 2365 379 2425 dextra
401 2367 464 2424 tam
486 2364 594 2425 fortis?
616 2385 676 2424 uno
699 2367 770 2440 ictu,
792 2366 875 2441 puto,
898 2383 935 2422 ne
953 2385 1000 2423 me
1019 2366 1082 2441 qui·

25 2479 53 2521 25
69 2455 140 2514 dem
161 2456 260 2529 ipsum
284 2455 360 2513 mihi
383 2455 536 2532 continget
558 2448 710 2514 occidere?

67 2591 120 2644 ubi
143 2587 298 2644 absoletam
321 2588 395 2659 (obs-
412 2605 481 2644 cerr.
496 2591 534 2659 o);
560 2587 716 2642 obsoletam
740 2587 843 2641 nubem
868 2599 883 2640 s
963 2587 1082 2657 tempori

68 2659 297 2716 accommodata:
316 2659 487 2730 temporaria
505 2660 682 2714 commodata
705 2668 726 2712 V

144 2737 157 2784 1
177 2732 362 2786 revertentem
385 2740 435 2784 VM
450 2733 489 2802 (m
507 2748 566 2800 exp.
582 2732 626 2800 Μ)
697 2730 834 2784 mutabis:
859 2732 877 2798 a
894 2733 926 2785 ut
945 2730 1006 2783 abis
1029 2739 1051 2782 V

68 2804 138 2859 rat
155 2819 206 2857 om.
222 2811 305 2867 Mero
391 2807 504 2857 4sene:
531 2803 591 2855 sine
610 2812 646 2869 Ρ;
665 2801 720 2855 fine
736 2823 757 2862 p
835 2801 917 2855 illum
935 2810 978 2869 M3
998 2801 1082 2866 illae

66 2882 84 2929 ὁ
99 2873 288 2944 quodcunque
303 2893 333 2926 a:
349 2875 527 2942 quotcunque
541 2886 586 2941 μσς
601 2889 767 2942 quocunque
781 2893 813 2935 ay
853 2874 992 2926 iusserant
1005 2882 1082 2926 Burs

66 2951 84 2999 8
103 2945 247 3015 rogabant
264 2953 326 2998 MS:
352 2945 472 3014 rogabat
489 2953 584 2998 BVPo
653 2949 668 2997 9
688 2944 816 2998 iunxere:
842 2942 1003 3009 iunexeraet
1020 2953 1048 2997 Β

67 3034 97 3072 se
117 3034 170 3072 cm.
185 3026 214 3069 Β
285 3020 317 3070 11
337 3032 422 3083 qnam
441 3017 564 3070 tantum:
587 3017 722 3084 quantum
740 3025 779 3082 Β;
799 3015 848 3083 qui
867 3017 977 3068 tantum
997 3028 1011 3079 β

69 3094 102 3144 15
122 3090 219 3158 potes:
238 3088 332 3156 potest
350 3095 372 3138 V
426 3087 516 3156 patris
535 3087 680 3156 copatrix
698 3095 725 3139 Β
785 3091 818 3139 16
838 3087 1001 3140 exeredatus
1020 3095 1047 3139 Β

66 3163 111 3214 est
135 3169 157 3212 V
209 3163 241 3211 19
260 3157 374 3228 gladius
392 3158 508 3212 habere:
528 3157 565 3228 gl.
580 3160 610 3211 te
628 3157 654 3211 h.
671 3179 688 3210 α
708 3157 763 3227 (sed
781 3166 814 3210 Β
829 3158 876 3225 er.)
931 3163 965 3210 20
983 3157 1079 3210 miser:

65 3230 164 3285 miseri
179 3238 231 3283 BV
299 3235 332 3282 22
351 3229 444 3299 gravis
462 3231 502 3283 et:
522 3245 607 3298 grave
626 3229 675 3282 sed
688 3238 748 3296 BV3
768 3246 817 3284 om.
833 3238 870 3296 Β,
889 3245 964 3297 supr.
979 3249 1011 3280 m

66 3309 100 3357 25
122 3301 246 3371 contigit
263 3309 296 3368 Β,
316 3319 335 3354 n
353 3317 428 3368 supr.
443 3311 473 3367 ιη
493 3300 632 3370 contingit
650 3309 672 3353 V

138 3374 178 3426 In
191 3381 220 3424 Β
236 3377 262 3426 ct
274 3381 295 3424 s
312 3371 473 3440 mbsmiptio
492 3372 564 3426 deest
616 3371 646 3424 M
664 3371 756 3424 FABI.
773 3369 1007 3436 QVINTILIANI.
1021 3369 1081 3423 Pn-

65 3443 158 3499 ama
187 3442 390 3497 PALMATVS.
418 3441 602 3529 EXPLICIT7
630 3442 667 3498 M.
691 3442 779 3499 FABI
802 3441 947 3512 Qlll'llli.
968 3440 1102 3497 millib.

66 3531 267 3589 nomenve,
280 3530 426 3602 nieuw,-
439 3533 537 3606 (mim'o
543 3536 628 3608 picto
640 3544 759 3612 praeter
772 3537 898 3614 incipitb
907 3546 931 3594 v
973 3516 1123 3591 Uilli}

918 3630 960 3689 2*
