2406 3832
317 197 621 270 nnonmnrroun's
639 214 723 270 nvn.
743 216 839 270 rvm.
1015 217 1078 282 387

67 383 170 441 morbo
198 385 336 458 moritur,
365 382 518 441 minimum
548 388 594 442 est
621 385 700 459 quod
727 385 881 444 erubescit.
926 389 1080 461 praeterea

68 474 211 531 secretum
247 471 407 548 elegeram,
442 488 479 530 ne
509 474 712 548 superveniret
741 476 793 549 qui
823 493 871 533 me
900 475 1076 550 prohiberet.

67 560 117 620 sed
141 559 233 620 dices:
264 561 337 636 quid
363 580 423 619 non
445 560 561 636 bibisti,
590 580 656 620 oum
683 561 805 621 monui?
829 563 879 622 sed
902 563 967 623 dico
991 566 1079 640 quod,

67 669 134 709 cum
157 652 223 725 quis
248 650 306 708 sibi
328 668 449 708 manum
474 652 541 709 vult
562 651 681 726 inicere,
705 654 730 710 si
758 653 947 727 superveniat
970 653 1078 729 aliquis

37 739 117 815 aqui
139 739 280 816 gaudeat,
304 741 356 815 qui
379 739 526 797 vindicari
549 757 579 798 se
604 741 704 816 putet,
732 742 758 800 si
780 744 906 800 mortem
928 742 1079 817 inspiciat,

64 828 381 887 statim-dissentiet
396 820 452 908 (=
462 846 495 901 p.
513 831 587 898 316,
600 821 645 910 2).
678 848 746 888 cum
764 830 962 905 supervenisti
980 832 1010 889 et
1031 850 1078 888 me
1187 820 1189 829 ยน

63 918 295 995 interrogavisti,
318 916 389 975 dum
410 917 586 992 respondere
605 920 695 996 cogis,
714 918 791 977 redit
809 918 976 996 indignatio
995 921 1078 995 mihi,

64 1009 94 1064 et
115 1007 194 1082 perit
212 1008 366 1081 susceptae
384 1007 489 1065 mortis
508 1006 603 1066 ardor.
649 1027 704 1085 ego
722 1010 844 1082 propter
864 1010 980 1082 patrem
1002 1011 1079 1067 mori

63 1114 193 1171 possum,
217 1112 315 1154 coram
334 1097 420 1172 patre
438 1114 498 1153 non
516 1113 643 1171 possum.
686 1114 754 1154 cum
771 1098 977 1172 supervenisti,
999 1097 1079 1173 perit

23 1205 49 1244 ro
64 1185 153 1244 ardor
174 1185 279 1242 mortis
304 1187 333 1242 et
356 1186 483 1259 utroque
505 1203 553 1243 me
576 1185 698 1244 resolvit
721 1185 837 1244 affectu.

124 1292 156 1346 p.
177 1274 250 1341 318,
271 1274 290 1330 9
317 1274 343 1331 si
370 1272 490 1332 dixeris:
518 1292 578 1332 non
600 1273 645 1331 fui
666 1292 820 1351 pessuma,
847 1275 872 1334 si
898 1274 1000 1334 bibere
1025 1295 1077 1335 vo-

61 1362 176 1435 luisses,
198 1361 249 1421 sed
272 1362 400 1436 qualiter
422 1361 477 1420 hoc
500 1365 545 1421 est
565 1362 733 1438 probabile,
756 1382 823 1422 cum
845 1381 892 1422 me
915 1365 1003 1423 hodie
1029 1383 1076 1424 oo-

62 1453 141 1510 neris
152 1451 290 1509 occidere.
328 1470 388 1509 non
398 1469 462 1510 eras
471 1449 633 1526 passurus?
650 1452 768 1527 quando
777 1454 839 1511 iam
848 1452 935 1518 inicis
949 1452 1078 1513 manus?

516 1682 625 1740 XVHI.

18 1827 46 1868 rs
123 1825 156 1879 p.
176 1809 248 1875 324,
268 1810 312 1866 20
335 1809 369 1866 ut
392 1808 483 1866 altius
506 1807 619 1882 ordiar,
645 1807 722 1867 iuste
745 1807 782 1866 de
811 1809 876 1866 viro
900 1825 1071 1883 conqueror.

63 1895 242 1953 adulterium
257 1895 292 1953 de
310 1916 358 1955 me
376 1896 464 1955 facile
479 1898 644 1972 suspicatus
659 1915 698 1970 es,
713 1898 772 1955 cito
791 1896 951 1955 credidisti.
989 1899 1075 1955 tuum

63 1986 185 2042 crater
212 1983 311 2043 debito
341 1984 467 2043 foederis
491 1984 654 2062 coniugalis
682 1985 858 2059 pudicitiam
887 2003 985 2043 meam
1007 1986 1075 2043 aliis

64 2090 209 2130 enarrare.
255 2075 290 2131 tu
320 2091 389 2131 vero
420 2073 519 2131 fictam
546 2072 763 2148 impudentiam
792 2091 890 2131 meam
918 2073 1075 2132 ostendisti

62 2162 174 2237 populo
197 2180 250 2236 per
272 2162 373 2220 vultus
392 2160 556 2235 tristitiam,
579 2180 632 2236 per
654 2160 817 2235 fastidium,
838 2181 893 2236 per
914 2162 1072 2237 querelam.

18 2273 48 2312 ao
124 2269 156 2323 p.
177 2252 251 2319 327,
269 2251 314 2308 22
336 2249 387 2308 sed
406 2247 492 2308 dicis:
515 2249 660 2309 formosus
679 2250 745 2309 fuit.
782 2250 834 2309 sed
857 2251 923 2325 quis
946 2253 1075 2310 nonest

62 2341 208 2397 formosus
235 2338 314 2398 filius
344 2339 447 2411 matri,
477 2337 568 2397 etiam
591 2340 617 2397 si
642 2338 777 2413 claudus,
807 2340 833 2398 si
855 2338 968 2398 debilis.
1013 2359 1073 2397 non

62 2430 201 2487 amantur
223 2427 279 2485 filii
297 2447 315 2486 a
333 2427 477 2486 matribus
497 2427 658 2486 secundum
675 2427 793 2487 vultum
810 2430 841 2486 et
859 2428 1073 2503 apparentiam,

62 2515 113 2575 sed
136 2517 234 2574 estin
264 2516 324 2574 filio
357 2517 447 2574 matri
476 2518 575 2575 nescio
599 2516 671 2591 quid
699 2515 817 2575 homine
846 2517 1017 2590 formosius,
1048 2519 1073 2577 si

62 2609 268 2681 argumentum
292 2607 383 2664 sumis
413 2624 448 2664 ex
470 2605 574 2664 forma.
619 2605 716 2664 multa
743 2608 841 2664 autem
870 2605 971 2665 debuit
994 2625 1072 2666 com-

16 2694 175 2756 remisisse
197 2695 313 2752 iuvenis
336 2688 462 2772 (prius)
486 2713 576 2768 quam
602 2695 748 2752 incestum
770 2695 974 2754 committeret.
1020 2695 1072 2754 sed

61 2783 122 2856 dic,
148 2782 185 2841 ab
209 2785 276 2841 utro
299 2785 428 2842 incestus
452 2800 547 2841 sermo
569 2784 699 2858 primum
720 2782 868 2857 procedat.
915 2784 1071 2843 audebitne

60 2873 115 2929 hoc
138 2890 243 2948 rogare
266 2871 344 2930 filius
368 2874 493 2930 matrem
517 2876 565 2931 etc.
588 2862 810 2953 (p.32a,17).

122 2980 154 3034 p.
174 2963 248 3029 329,
266 2964 309 3019 24
332 2960 440 3019 ferrem
464 2959 559 3020 adhuc
582 2959 763 3035 suspiciones
785 2964 861 3035 tuas,
887 2960 912 3019 si
936 2961 1070 3022 dissimu-

60 3050 158 3108 lanter
180 3051 302 3127 egisses,
330 3049 355 3109 si
378 3069 431 3109 nos
455 3049 614 3126 diligenter
640 3051 726 3108 nocte
754 3051 784 3107 et
807 3048 854 3108 die
877 3049 1070 3126 observasses,

17 3161 45 3200 eo
61 3139 111 3198 sed
142 3158 195 3215 pro
225 3139 323 3197 debito
357 3141 487 3214 oportet,
517 3140 551 3196 ut
572 3137 668 3196 filium
689 3140 829 3212 torqueas
853 3140 882 3197 et
913 3141 1069 3198 tormentis

60 3228 162 3287 multis
191 3227 306 3305 affligas
334 3229 387 3304 qui
418 3231 484 3285 tum
514 3245 573 3285 non
600 3245 630 3285 es
657 3228 780 3303 neganti
807 3227 979 3287 crediturus.
1023 3249 1069 3287 re-

60 3335 200 3392 sponsum
222 3337 282 3376 non
304 3318 386 3375 caret
413 3316 590 3374 certitudine
619 3314 697 3390 quod
724 3317 791 3391 quis
814 3335 874 3374 non
896 3318 995 3374 animo
1018 3316 1069 3375 sed

60 3405 160 3464 dolore
188 3406 354 3481 respondet.
402 3404 438 3463 ab
468 3423 558 3463 uxore
588 3404 766 3463 naturaliter
792 3405 868 3464 nihil
895 3406 1020 3479 scivisti,
1050 3425 1068 3465 a

59 3495 175 3552 familia
191 3496 376 3572 interrogata
393 3489 480 3569 nihil,
499 3512 517 3552 a
534 3492 596 3554 filio
610 3493 694 3552 nihil.
734 3513 828 3552 unum
847 3513 916 3571 ergo
929 3494 985 3553 hoo
1003 3495 1072 3552 scia.

16 3604 45 3645 ss
60 3583 136 3642 nihil
159 3585 236 3642 enim
258 3585 383 3659 invenis,
405 3585 542 3661 maritus,
565 3583 718 3660 dominus,
737 3585 840 3662 pater.

889 3677 945 3732 ab*
