2408 3840
133 159 200 224 204
403 156 619 213 sstucsVM
636 154 880 211 INOANTATVM

132 327 207 387 toris
231 346 376 386 carcerem
399 326 549 404 effregerit
571 328 602 385 et
625 327 784 385 exonerata
806 323 947 384 membris
971 322 1141 383 mortalibus

133 416 192 475 leui
215 435 245 475 se
268 416 337 494 igne
360 416 543 489 lustraverit,
565 417 665 492 petere
685 415 767 474 sedes
790 415 869 472 inter
887 415 978 490 astra,
1001 411 1093 472 donec
1113 412 1141 470 in

134 506 194 563 alia
216 506 279 563 fata
298 505 414 565 saeculo
436 509 590 580 pugnante
608 505 810 581 transmigret,
834 502 940 562 deinde
957 503 1067 579 prioris
1085 519 1142 560 cor-

133 596 214 669 poris
232 595 409 652 meminisse.
444 593 513 652 iude
533 595 669 652 evocatos
686 593 806 669 prodire
824 609 936 666 manes,
954 590 1023 650 inde
1042 608 1142 666 corpus

135 686 165 741 st
178 683 280 742 vultus
300 685 330 740 et
349 682 490 757 quicquid
504 682 647 756 videmus,
666 683 807 757 accipere,
826 699 976 740 occurrere
995 680 1057 740 suis
1074 681 1143 738 ima·
1162 697 1173 738 s

134 774 217 849 gines
244 790 342 845 caras,
376 771 537 845 aliquando
566 775 596 829 et
623 772 743 830 oracula
769 770 834 830 fieri
861 773 892 830 et
917 770 1072 829 nocturnis
1098 769 1144 827 ad-

132 880 252 919 monere
279 861 458 936 praeceptis,
487 861 596 919 sentire
620 878 693 935 quas
721 861 876 918 mittamus
898 859 1023 918 inferias
1045 860 1076 918 et
1096 858 1144 917 ho·

131 967 236 1009 norem
253 953 405 1024 percipere
423 950 613 1007 tumulorum.
650 967 732 1026 rog0‚
756 968 824 1008 cum
842 948 922 1007 filius
940 949 1029 1024 perit,
1051 965 1145 1007 noune

134 1041 228 1096 satius
253 1043 297 1097 est
319 1039 375 1096 hoc
398 1036 536 1097 credere?

224 1123 317 1184 ‘Tuae
340 1123 463 1202 tamen',
490 1127 602 1202 inquit,
626 1121 693 1186 ‘hoc
716 1126 811 1202 quieti
833 1125 985 1202 praestiti,
1010 1143 1048 1183 ne
1071 1127 1176 1184 atto-u

134 1216 206 1275 uitis
227 1217 343 1293 agitata
365 1216 527 1275 terroribus
551 1215 695 1275 sollicitas
718 1233 833 1290 semper
855 1232 959 1292 ageres
979 1231 1145 1290 suspensas·

135 1324 191 1379 que
211 1305 332 1363 duceres
350 1299 471 1364 noctes.²
508 1306 552 1364 ita
573 1303 723 1381 parricida
742 1322 897 1363 commune
917 1302 1035 1362 facinus
1051 1303 1146 1362 fecisti

134 1396 163 1451 et
191 1393 322 1469 imputas
351 1394 429 1468 quod
455 1393 550 1451 filium
573 1394 672 1452 videre
700 1390 862 1452 desiimus?
906 1411 1043 1451 somnum
1071 1393 1146 1450 enim

134 1483 204 1540 ante
227 1483 400 1557 petebamus
423 1485 454 1540 et
475 1481 628 1557 placidum
651 1500 794 1558 soporem.
840 1480 981 1556 crudelis,
1004 1498 1083 1540 nunc
1104 1483 1146 1538 in·

135 1572 250 1646 quieta,
274 1589 353 1629 nunc
377 1571 506 1631 attonita
529 1574 624 1630 mater
647 1573 704 1645 est,
731 1588 810 1629 nunc
833 1569 1017 1645 perdidimus
1039 1571 1177 1629 noctem

81 1658 120 1714 18
201 1660 383 1719 Vmbramne
405 1663 439 1718 tu
462 1659 506 1718 fili
524 1680 587 1718 rem
609 1659 844 1734 formidulosum,
866 1677 930 1716 rem
951 1659 1073 1735 plenam
1094 1677 1146 1735 pu·

133 1750 206 1807 tasti
241 1757 312 1808 esse*
336 1746 479 1807 terroris?
524 1748 595 1824 quid
627 1748 681 1807 illa
717 1749 824 1807 laetius
855 1746 953 1807 facie?
990 1747 1064 1822 quid
1094 1746 1145 1806 illo

133 1836 271 1896 blandius
294 1836 401 1897 vultu?
425 1838 497 1913 quid
519 1838 615 1915 magis
635 1837 775 1896 adulatur
793 1835 907 1897 oculis?
929 1835 1002 1912 quid
1024 1838 1147 1913 possunt

134 1926 234 1984 videre
253 1926 394 1986 libentius
413 1924 575 1986 lacrimae?
609 1946 671 1985 non
687 1927 784 2003 magis
802 1925 961 1985 metuenda
980 1927 1027 1985 est
1043 1925 1146 1985 umbra

132 2014 188 2072 filii
202 2034 292 2090 quam
307 2016 440 2075 cadaver.
476 2034 594 2075 necesse
613 2017 666 2090 est,
680 2017 715 2073 ut
732 2033 812 2074 mors
830 2014 951 2073 horrida
967 2013 1024 2074 fiat
1041 2015 1144 2074 aliena.
1156 2029 1179 2070 ss

133 2103 185 2163 sed
208 2104 286 2164 aliae
308 2106 436 2164 forsitan
459 2107 591 2163 animum
618 2104 762 2182 imagines
790 2104 932 2162 territant
956 2105 987 2162 et
1008 2107 1083 2163 tunc
1103 2105 1146 2161 in·

132 2192 189 2251 feri
211 2198 366 2268 vocantur,
390 2213 456 2252 cum
479 2194 575 2270 ignoti
598 2196 667 2252 sunt
716 2193 819 2268 itaque
841 2191 1012 2268 prudenter,
1035 2194 1062 2252 si
1082 2194 1146 2251 tuu-

132 2284 197 2341 tum
225 2284 263 2341 ad
291 2301 359 2342 suos
386 2282 517 2341 veniunt.
563 2282 723 2341 sceleratus
750 2281 815 2356 ille,
844 2281 896 2339 ille
927 2281 1057 2355 impius,
1084 2281 1146 2357 qui-

133 2389 247 2447 cunque
267 2373 439 2430 defunctum
463 2371 558 2428 filium
576 2371 653 2430 vidit
674 2373 704 2429 st
722 2372 859 2429 meminit
877 2369 956 2445 quod
979 2370 1077 2428 elatus
1096 2372 1144 2429 est

133 2455 325 2535 terrebaris,
348 2462 455 2536 inquit,
480 2455 522 2519 ‘et
540 2460 676 2519 sollicitis
694 2459 832 2519 noctibus
855 2455 1034 2518 laborabas?
1067 2460 1178 2517 itaness

133 2568 176 2622 ea,
199 2552 319 2624 marite,
348 2547 495 2608 crudelis?
538 2551 573 2607 tu
597 2549 731 2608 clusisses
755 2548 851 2606 filium
878 2547 983 2623 etiam,
1007 2548 1034 2607 si
1057 2547 1097 2606 ad
1118 2550 1145 2606 te

133 2637 271 2697 veniret?
1014 2642 1018 2649 '

201 2723 274 2785 ‘Nec
293 2722 419 2805 magus',
442 2726 550 2802 inquit,
570 2720 704 2785 ‘inclusit
721 2726 867 2801 umbram,
890 2724 941 2785 sed
960 2722 1146 2800 persuasioni

205 2950 409 3003 lexhonerata
427 2959 448 3001 V
497 2949 664 3004 mortalibus
678 2949 811 3003 membris
826 2958 853 3001 P
904 2948 1015 3036 linter
1034 2962 1063 3002 s:
1081 2948 1112 3002 in
1125 2969 1147 3000 e

133 3039 244 3093 3facta
257 3049 286 3091 Β
337 3039 539 3109 transmigrent
552 3048 580 3092 Ρ
628 3037 1147 3106 deindeszdrir183dnivcl¹3do=

132 3145 202 3198 mini
221 3155 262 3211 M3
281 3145 393 3200 demum
412 3147 490 3201 Desa.
546 3145 612 3198 din
632 3160 731 3212 corpus
749 3153 770 3196 V
827 3148 972 3198 ocurrere
988 3153 1018 3197 Β
1079 3107 1147 3199 ddi

132 3217 246 3270 oracula
264 3226 291 3270 Β
362 3233 521 3272 ammonere
543 3226 573 3284 η
594 3215 781 3279 ammoneris
852 3219 993 3269 dnoune:
1015 3215 1047 3269 in
1064 3230 1109 3270 me
1125 3224 1149 3268 J

132 3288 237 3341 §isatis
251 3298 279 3341 Ρ
330 3294 362 3342 10
381 3288 550 3358 praestitisti
564 3297 622 3341 Bm
673 3293 706 3340 14
725 3288 804 3341 ante:
824 3287 883 3340 ate
901 3295 923 3338 V
967 3285 1146 3354 petebamus:

132 3410 147 3446 e
170 3396 286 3462 clarum
309 3396 340 3449 ic
357 3414 411 3452 rae.
431 3395 495 3463 ‚913
520 3395 691 3464 putabamus
714 3407 729 3458 s
818 3398 852 3446 16
874 3374 989 3462 pastu}
1007 3397 1089 3476 1¹(s
1111 3410 1146 3449 er.

129 3482 237 3592 {5⁸¹2ss
250 3468 293 3590 gn)
349 3473 382 3522 18
401 3467 553 3521 adhulatur
571 3476 592 3518 v
643 3470 676 3518 22
695 3465 794 3534 ignota
812 3477 833 3518 c
888 3469 922 3519 23
940 3466 1110 3534 perveniunt
1125 3473 1150 3516 s
