2408 3840
79 143 120 207 76
439 143 728 199 MATHEMATIOVS

77 330 181 372 censes
209 331 282 387 quos
310 313 429 372 sceleris
455 315 648 387 conscientie,
681 330 754 389 quos
785 314 907 373 maioris
939 314 1094 373 crucietus

76 403 173 460 metus
200 401 232 459 in
259 420 398 478 supremo
425 403 621 479 compelleret.
667 402 762 480 igitur
782 421 820 461 no
847 401 998 478 supplicia
1023 420 1093 479 pro-

76 492 181 567 perato
209 491 395 550 lucrarentur
422 490 518 566 obitu,
545 510 647 551 rursus
674 492 707 549 in
733 509 861 567 poenam
887 493 1023 551 nocentis
1046 493 1092 550 in-

77 579 187 656 sepulti
205 580 335 655 corporis
353 582 506 639 revocavit
523 581 641 640 iniurius
677 581 726 639 lex
742 579 871 656 placido,
884 581 969 640 mitis
984 597 1093 640 comas

77 670 183 728 mortis
203 669 288 728 reddi
310 669 415 744 voluit,
437 687 498 728 non
521 669 681 728 aestimari„
725 687 847 746 possum
868 670 972 747 igitur,
996 667 1030 727 P.
1049 667 1092 744 0,
1115 689 1128 730 s

75 757 197 833 publico
219 757 349 834 quadem
370 776 442 816 voce
465 759 580 836 generis
602 758 725 816 humani
747 757 923 835 respondere
946 775 1092 835 quaeren-

76 846 158 905 tibus
180 865 284 906 causas
307 849 413 906 mortis
435 847 644 925 interrogatus.
682 849 716 906 at
737 866 793 925 ego
816 846 968 907 difficilius
986 847 1092 907 reddo-

75 955 139 995 rem
161 936 250 994 vitoe
297 936 368 1010 quid
390 935 484 1011 iuvat,
507 955 524 996 o
547 937 657 995 misere
678 936 857 1010 mortalitas,
879 936 1015 995 unimam
1038 955 1093 1012 por

75 1026 124 1084 tot
142 1043 243 1098 annos,
265 1025 357 1084 etism
375 1024 527 1084 sinotum
549 1026 694 1100 patietur,
714 1043 769 1100 por
785 1023 902 1084 infinite
920 1026 1092 1101 temporum

77 1113 176 1189 spotia
201 1114 373 1173 tristissimo
401 1117 533 1190 corporis
560 1115 687 1174 retinere
715 1112 888 1189 complexu?
934 1115 1129 1175 deductor·

77 1203 188 1280 gaudio
214 1204 330 1276 nostro,
357 1203 382 1262 si
405 1203 577 1279 voluptates
605 1206 636 1262 et
663 1221 856 1278 quaecunque
883 1222 918 1262 ex
944 1203 1003 1262 hoc
1026 1201 1091 1261 uni-

77 1292 219 1351 versitate
250 1291 354 1349 mundi
385 1292 433 1350 vel
465 1292 630 1352 sollicitent
661 1294 783 1367 aspectu
815 1291 864 1350 vel
893 1290 1094 1351 blandiuntur

77 1397 147 1454 usu,
172 1379 329 1458 diligenter
352 1381 497 1456 excuties,
523 1383 591 1440 tote
612 1381 679 1440 vito
699 1379 828 1440 hominis
850 1399 928 1440 unus
949 1383 997 1440 est
1019 1380 1091 1440 dies

76 1469 204 1529 humiles
221 1488 341 1544 prorsus
360 1468 551 1544 abiectosque
569 1472 684 1529 mentes
703 1488 778 1545 quus
794 1488 855 1529 non
872 1470 1001 1546 implent
1018 1470 1092 1529 hoec

78 1557 182 1617 ecdem
204 1576 376 1635 semperque
394 1558 562 1617 redeuntis:
586 1561 621 1618 ut
639 1560 692 1634 qui
708 1558 840 1618 honestis
858 1560 1001 1635 operatus
1019 1557 1092 1617 urti-
1106 1577 1130 1619 rs

76 1646 132 1706 bus
154 1648 231 1706 sciat
249 1648 314 1722 quis
332 1647 400 1706 finis
417 1647 571 1722 bonorum,
594 1666 669 1725 quoe
687 1666 760 1706 vero
776 1647 913 1722 felicitas,
936 1665 1093 1724 nunquam

77 1735 134 1795 sibi
157 1734 308 1794 videbitur
329 1739 522 1812 praematuro
544 1739 640 1795 morte
661 1735 811 1812 perituuus
834 1737 867 1796 et
886 1736 963 1795 lucis
985 1754 1093 1796 coruos

78 1825 116 1882 nd
139 1824 272 1883 animum
293 1827 482 1900 mentemque
504 1825 696 1884 referentium
722 1826 871 1884 neminem
894 1825 1004 1884 cotidie
1027 1824 1093 1884 vito

26 1910 64 1966 10
77 1933 137 1974 non
161 1915 261 1973 satiat.
298 1914 464 1973 relaturum
481 1933 560 1973 nunc
577 1932 625 1973 me
646 1915 765 1990 putatis
782 1916 896 1991 quanto
916 1913 1009 1989 plura
1031 1915 1094 1974 sint

76 2004 109 2061 in
135 2004 192 2062 hoc
224 2004 290 2061 sevi
320 2002 468 2062 brevitate
500 2003 655 2081 fugiendo,
687 2005 929 2079 comparaturum
961 2003 1130 2080 gaudimro

76 2093 225 2169 prosperis
243 2094 350 2165 metus,
368 2092 563 2151 calamitates.
599 2093 664 2166 illu,
681 2092 736 2152 illo
753 2092 952 2166 aestimemus,
965 2094 1092 2169 proptor

78 2200 154 2258 quoe
176 2181 338 2260 fatigemus
357 2182 436 2241 votis
454 2181 534 2256 deos,
556 2183 679 2258 propter
698 2199 773 2256 quoe
794 2181 914 2239 brevem
937 2181 1092 2257 querimur

77 2274 213 2330 aetutem.
250 2289 356 2346 nempe
374 2273 444 2331 sunt
461 2270 589 2345 vanites,
610 2270 726 2346 cupido,
744 2271 871 2344 luxurio,
893 2269 997 2330 libido
1030 2289 1091 2330 non

76 2360 169 2436 pudet
195 2363 317 2436 propter
343 2360 416 2418 hoec
442 2359 520 2418 ferre
545 2358 729 2433 debilitates
753 2359 866 2433 luctus,
889 2358 989 2434 sparse
1011 2377 1092 2419 mor-

75 2448 194 2522 borum,
224 2450 267 2522 et,
297 2467 364 2508 cum
391 2450 481 2508 liceat
508 2448 645 2523 evadere,
674 2448 764 2508 molle
792 2445 878 2524 peti?
922 2446 1001 2525 finge
1032 2448 1128 2507 tibiis

77 2538 161 2597 velut
181 2537 279 2614 ipsam
300 2538 485 2613 proclamare
507 2539 659 2596 notorum:
681 2538 817 2612 receptus
840 2554 871 2596 es
888 2536 920 2594 iu
942 2536 999 2595 hoc
1022 2537 1090 2613 pul·

78 2627 254 2686 cherrimum
280 2627 384 2685 mundi
406 2645 564 2702 rerumque
592 2627 773 2685 consortium
801 2628 832 2684 et
853 2645 908 2701 per
931 2626 1090 2686 succeden-

39 2781 44 2790 ·
149 2760 478 2828 lquos-conscientiu
492 2768 585 2816 cm]
636 2759 760 2814 sceleris:
781 2762 890 2842 sprius
907 2760 939 2814 io
957 2776 1013 2815 ros.
1027 2769 1057 2813 Β

77 2901 189 2952 quos—
202 2884 341 2939 cruciatus
360 2886 460 2940 iuras.
476 2894 508 2938 Β
577 2889 593 2937 3
612 2883 707 2939 obitur
725 2894 768 2938 oe!
783 2846 888 2954 (obilli
902 2892 938 2952 Β,
955 2901 1033 2954 supr.
1048 2886 1090 2953 δ);

77 2955 169 3010 obiter
186 2965 219 3009 Β
267 2958 408 3011 nocentis:
428 2959 483 3010 -tes
506 2966 558 3021 vos
611 2954 758 3025 insepulti:
780 2955 975 3010 iotterumm
992 2973 1049 3011 ros
1063 2964 1092 3008 Β

76 3026 245 3081 liniuriom
259 3037 334 3096 1’‚m
350 3027 512 3082 delmou3
565 3027 660 3098 migtis
672 2974 759 3098 (pt)
711 3044 746 3082 er.
748 3029 810 3095 ll!
856 3025 1036 3098 tquossdom
1049 3035 1089 3093 Β,

77 3098 310 3181 quondoms3q
291 3097 348 3151 do
366 3108 404 3166 Β,
422 3116 491 3154 corr.
505 3119 537 3151 m
609 3099 747 3153 linterro
769 3097 824 3152 ctis
841 3105 894 3150 Βν
961 3096 1000 3151 ed
1018 3106 1041 3149 V

77 3168 273 3241 9infini3tc11
291 3117 420 3226 q13usu:
435 3114 831 3241 visueommarysefusu)
867 3167 1089 3239 dilengentern,

76 3294 144 3334 corr.
160 3287 178 3330 b
229 3282 262 3330 14
279 3240 403 3362 liecteq3
421 3286 449 3330 Β
503 3282 536 3332 15
556 3276 647 3345 quis:
667 3277 729 3347 quis
743 3285 840 3344 Βνβσ,
858 3274 987 3344 quisquis
1005 3283 1040 3328 Β

77 3350 217 3452 operamls
228 3392 267 3451 Β;
287 3385 419 3454 operetur
437 3392 469 3436 Β
521 3388 554 3437 16
574 3382 722 3437 bonorum:
740 3381 912 3437 honor-oms
964 3382 1091 3451 νοηξΒ

78 3460 110 3509 1ἵ
129 3455 286 3524 ptimoturo
305 3465 332 3509 P
407 3460 440 3509 19
462 3471 600 3509 menunc
622 3463 644 3507 V
717 3459 750 3507 21
774 3452 826 3507 illo
847 3453 927 3508 seruet
945 3455 1092 3522 possuit!

75 3530 111 3580 26
126 3542 167 3580 es:
183 3529 226 3581 est
239 3536 260 3579 V
293 3532 326 3581 27
342 3526 569 3582 succendentium
579 3535 640 3594 ΒΥ,
655 3524 863 3579 succedentium
873 3523 916 3594 (ι
903 3540 999 3580 soros
1005 3525 1093 3594 ιι)Β
