2408 3840
144 170 211 232 400
459 164 651 221 EXGEBP'I'A
668 164 847 221 Pamsma

143 337 265 395 falleris.
307 335 437 394 hominis
460 335 545 394 cuius
571 335 675 394 unicus
699 337 811 394 occisus
834 336 893 409 est,
920 353 999 393 nnus
1021 335 1153 393 inimicus

144 430 195 484 est.
242 425 280 482 D.
305 444 357 483 cur
385 444 445 482 non
472 426 502 481 te
530 424 629 499 potius
657 443 748 498 quam
769 422 889 482 filium?
937 425 969 482 P.
993 425 1083 482 utin
1104 424 1154 482 1111

142 517 301 589 utrumque
324 513 497 588 perimeres,
519 511 645 588 ideoque
667 513 720 571 ille
743 514 856 573 occisus
879 515 936 587 est,
958 515 997 571 nt
1018 513 1155 586 viderem,

143 603 195 662 ille
214 603 328 676 fortior,
350 603 402 660 ille
426 601 527 676 quiin
549 619 617 660 mea
639 604 734 661 morte
755 601 871 677 aliquid
890 601 1007 679 egisset.
1050 602 1088 660 D.
1107 621 1156 660 cur

142 712 201 750 non
221 689 343 750 ambos?
364 693 415 769 ,P
432 692 503 766 quia
521 689 639 749 defendi
656 709 716 749 non
733 693 861 766 poteras.
899 692 939 750 D.
958 691 1026 766 quis
1044 710 1156 750 mecum
1175 711 1183 748 1

142 782 174 838 11
198 784 266 839 actu
289 778 393 839 stetit?
434 780 467 837 P.
491 780 607 838 facinus
629 780 672 839 111
694 779 880 856 disposuisti,
906 800 944 839 ne
967 779 1007 838 ab
1029 781 1089 838 alio
1112 799 1155 838 eo·

143 872 245 947 gnosci
267 872 373 946 posset.
416 869 454 927 D.
479 887 552 943 quos
574 870 665 928 testes
693 867 835 928 adhibes?
874 870 908 927 P.
931 869 965 926 in
988 869 1043 928 has
1066 887 1155 946 angu-

142 962 216 1021 stias
240 960 353 1018 facinus
372 956 533 1031 strinxisti,
556 960 590 1015 ut
612 958 669 1016 soli
687 958 825 1016 adessent
848 960 900 1032 qui
923 960 1036 1034 ageret,
1060 960 1090 1016 et
1112 959 1154 1016 oui

143 1068 201 1107 non
232 1047 404 1106 crederetur.
451 1047 571 1105 fortuna
603 1048 695 1105 etiam
723 1046 798 1104 mihi
826 1049 890 1105 tam
921 1047 1018 1105 socios
1048 1047 1154 1105 ademit

143 1157 233 1212 quam
256 1154 362 1195 servos.
404 1135 548 1194 1111111111
571 1154 625 1211 pro
644 1138 771 1212 utroque
789 1138 861 1194 erat.
903 1154 958 1210 pro
978 1137 1068 1195 sociis
1091 1153 1153 1194 san·
1165 1154 1182 1193 o

144 1228 209 1302 guis
231 1226 293 1299 hic,
321 1244 374 1299 pro
398 1225 490 1284 servis
512 1228 661 1283 tormenta
689 1226 776 1284 stent.
818 1225 856 1283 D.
881 1224 937 1282 hoc
966 1227 1069 1282 autem
1091 1243 1154 1299 pro-

142 1314 271 1372 bationis
294 1332 386 1390 genus
405 1316 483 1372 inter
500 1313 609 1372 liberos
627 1314 764 1390 iniquum
782 1317 835 1372 est.
876 1314 910 1371 P.
930 1313 1048 1370 nullum
1072 1313 1153 1371 debet

143 1403 237 1460 videri
255 1404 392 1477 iniquum
411 1401 490 1476 quod
513 1405 559 1460 est
575 1404 705 1461 unicum.
747 1403 785 1461 D.
809 1421 863 1478 pro
882 1401 972 1460 fidem
990 1401 1153 1460 hominum!

105 1560 107 1565 Ι
142 1491 263 1565 1111111,
290 1490 442 1550 attendite.
484 1509 536 1549 cur
558 1510 618 1551 non
640 1490 672 1549 id
693 1493 796 1567 potius
818 1493 944 1568 egissem
967 1510 1022 1566 per
1045 1489 1153 1550 alium?

142 1581 174 1637 P.
199 1580 334 1654 quisquis
356 1579 493 1654 mandat,
518 1599 657 1659 magnam
684 1581 801 1639 sceleris
823 1581 1012 1656 voluptatem
1035 1583 1181 1639 1111111111

142 1668 200 1726 duo
233 1668 435 1727 crudelissima
467 1670 658 1728 coniunxisti:
690 1673 725 1728 ut
756 1673 786 1728 et
816 1672 851 1727 tu
882 1669 1008 1744 faceres,
1041 1673 1074 1729 et
1106 1688 1153 1746 ego

142 1757 280 1815 viderem.
323 1758 361 1815 D.
381 1777 435 1816 cur
452 1777 512 1816 non
535 1757 698 1817 adiuvisti?
739 1777 791 1817 cur
808 1777 868 1816 non
885 1777 1094 1834 percussorem
1115 1760 1152 1816 in·

142 1845 267 1906 rasisti?
307 1848 339 1904 P.
363 1847 419 1906 hoc
441 1848 491 1906 vel
513 1846 586 1906 socii
607 1848 656 1906 vel
674 1848 752 1906 servi
773 1849 905 1923 possunt.
947 1847 1052 1922 vultis,
1077 1849 1152 1906 inva-

143 1936 224 2009 dam,
254 1934 387 1994 iudices?
433 1938 499 2011 quis
529 1937 649 1995 interim
676 1936 827 1995 labantem
855 1934 1002 2011 excipiet?
1045 1938 1085 1996 D.
1109 1956 1153 1996 111

142 2026 249 2083 saltem
263 2043 323 2083 non
337 2022 492 2083 clamasti?
532 2026 566 2083 P.
581 2028 629 2084 cui
643 2028 758 2085 animus
773 2026 865 2099 abest,
879 2028 907 2083 ei
920 2044 1025 2083 vocem
1040 2029 1178 2102 quaeris„

142 2112 266 2173 adesse?
296 2113 391 2171 filium
421 2132 520 2173 corsm
549 2118 635 2189 patre
669 2114 800 2174 occidere
829 2118 975 2174 secretum
1009 2118 1071 2190 est,
1099 2119 1152 2174 tor·

141 2204 249 2261 mentis
280 2206 380 2261 autem
408 2202 559 2277 publicum
589 2203 648 2262 fiet.
689 2203 728 2262 D.
751 2204 899 2262 libertatis
928 2207 1070 2279 respectu
1100 2208 1152 2263 tor

142 2294 242 2350 menta
260 2311 318 2350 non
339 2291 454 2369 colligo.
496 2293 528 2351 P.
544 2295 634 2350 immo
653 2311 722 2351 vero
741 2293 938 2352 conscientiae
955 2293 1153 2369 trepidatione

143 2380 221 2454 quod
239 2383 374 2456 torqueri
387 2382 540 2438 inimicum
554 2398 613 2439 non
631 2381 685 2439 vis.
720 2401 796 2457 quae
814 2384 867 2439 tua
882 2381 955 2439 haec
974 2384 1022 2440 est
1040 2379 1153 2457 pietas?

141 2470 179 2528 D.
204 2470 284 2528 molo
307 2474 337 2528 11
360 2472 424 2527 vita
447 2471 514 2527 frui.
556 2471 589 2527 P.
608 2472 694 2529 certe.
736 2471 788 2529 sed
806 2474 841 2528 ut
862 2474 963 2529 nostro
983 2473 1084 2547 magis
1108 2472 1180 2529 ‹io-s

141 2558 203 2615 lore
233 2560 349 2616 fruaris.
392 2578 458 2617 curn
488 2558 630 2634 effeceris,
660 2560 694 2617 11
717 2561 830 2635 optem,
860 2577 920 2617 non
946 2563 1034 2634 potes
1063 2562 1154 2638 magis

140 2649 282 2720 ¹torquere
306 2666 397 2721 quam
423 2650 572 2705 tormenta
599 2666 714 2724 negare.
760 2648 799 2706 D.
822 2647 956 2706 misereri
983 2648 1116 2723 debetis,
1140 2667 1154 2707 o

141 2735 262 2809 iudicer,
287 2737 418 2810 corporis
437 2740 541 2812 sponte
564 2736 717 2812 perempti.
758 2737 792 2794 P.
812 2737 928 2794 animae
948 2739 1053 2812 potius
1072 2740 1154 2797 mise

140 2828 275 2898 reantur,
304 2824 420 2899 corpori
446 2843 506 2883 non
528 2827 661 2900 pareant.
707 2827 747 2884 D.
771 2825 844 2884 adeo
873 2827 1056 2900 composuit,
1085 2827 1155 2886 adeo

140 2912 272 2970 firmavit
297 2916 442 2988 animum,
465 2916 620 2973 tormentis
648 2932 707 2972 non
734 2913 852 2973 diffidit.
893 2914 926 2971 P.
951 2917 1104 2974 neminem
1126 2916 1183 2973 111

140 3004 296 3060 tormentis
315 3003 475 3061 comitatur
493 3005 616 3062 animus.
653 3005 685 3061 in
708 3003 932 3078 quaestionibus
953 3005 1076 3063 tantum
1095 3024 1155 3064 111-

141 3110 215 3165 pora
239 3110 346 3149 sumus.
389 3092 428 3149 D.
448 3091 521 3149 adeo
541 3091 631 3149 durus
649 3095 702 3166 est,
724 3094 837 3151 utnon
855 3092 1001 3150 laedetur.
1044 3095 1078 3151 P.
1099 3113 1155 3152 non

213 3336 228 3383 6
248 3330 403 3400 deposuisti
425 3339 471 3384 VB
549 3337 581 3384 19
600 3349 617 3385 o
635 3331 742 3386 iudices
761 3342 839 3386 ΜΒ
916 3332 1062 3388 labentem
1082 3344 1157 3389 Ru

141 3405 174 3453 20
189 3401 249 3455 cui:
270 3418 333 3455 cum
350 3411 396 3455 VB
461 3403 584 3471 quaeris:
600 3403 690 3458 eredis
705 3404 760 3458 Bu.
824 3403 991 3474 recolligo:
1007 3406 1155 3475 reeipiclt

140 3476 174 3524 24
194 3473 281 3538 quod:
301 3489 358 3541 qua
371 3481 450 3527 mn
524 3475 586 3528 tua:
610 3476 692 3529 tanta
709 3485 749 3541 113
767 3475 800 3527 tu
817 3484 863 3528 VB
942 3481 977 3530 26
996 3480 1092 3548 potest
1115 3485 1156 3530 ΓΙ

136 3547 172 3598 28
188 3543 333 3617 perempti
352 3554 388 3602 P:
408 3545 554 3616 pereuntis
574 3554 648 3600 nvn
718 3545 869 3599 1111111111
890 3556 937 3601 vl
